@ARTICLE{AugerEtal07,
   author = {{Auger}, M.~W. and {Fassnacht}, C.~D. and {Abrahamse}, A.~L. and {Lubin}, L.~M. and {Squires}, G.~K.},
    title = "{The Gravitational Lens-Galaxy Group Connection. II. Groups Associated with B2319+051 and B1600+434}",
  journal = {\aj},
   eprint = {arXiv:astro-ph/0603448},
 keywords = {Cosmology: Distance Scale, Galaxies: Clusters: General, galaxies: individual (B2319+051), galaxies: individual (B1600+434), Gravitational Lensing},
     year = 2007,
    month = aug,
   volume = 134,
    pages = {668-679},
      doi = {10.1086/519238},
   adsurl = {http://adsabs.harvard.edu/abs/2007AJ....134..668A},
  adsnote = {Provided by the SAO/NASA Astrophysics Data System}
}


@ARTICLE{AugerEtal08,
   author = {{Auger}, M.~W. and {Fassnacht}, C.~D. and {Wong}, K.~C. and {Thompson}, D. and {Matthews}, K. and {Soifer}, B.~T.},
    title = "{Lens Galaxy Properties of SBS 1520+530: Insights from Keck Spectroscopy and AO Imaging}",
  journal = {\apj},
archivePrefix = "arXiv",
   eprint = {0710.1650},
 keywords = {galaxies: individual (SBS 1520+530)},
     year = 2008,
    month = feb,
   volume = 673,
    pages = {778-786},
      doi = {10.1086/524351},
   adsurl = {http://adsabs.harvard.edu/abs/2008ApJ...673..778A},
  adsnote = {Provided by the SAO/NASA Astrophysics Data System}
}


@ARTICLE{Barkana98,
   author = {{Barkana}, R.},
    title = "{Fast Calculation of a Family of Elliptical Mass Gravitational Lens Models}",
  journal = {\apj},
   eprint = {arXiv:astro-ph/9802002},
 keywords = {GALAXIES: STRUCTURE, COSMOLOGY: GRAVITATIONAL LENSING},
     year = 1998,
    month = aug,
   volume = 502,
    pages = {531},
      doi = {10.1086/305950},
   adsurl = {http://adsabs.harvard.edu/abs/1998ApJ...502..531B},
  adsnote = {Provided by the SAO/NASA Astrophysics Data System}
}

@ARTICLE{BarnabeEtal09,
   author = {{Barnab{\`e}}, M. and {Czoske}, O. and {Koopmans}, L.~V.~E. and {Treu}, T. and {Bolton}, A.~S. and {Gavazzi}, R.},
    title = "{Two-dimensional kinematics of SLACS lenses - II. Combined lensing and dynamics analysis of early-type galaxies at z = 0.08-0.33}",
  journal = {\mnras},
archivePrefix = "arXiv",
   eprint = {0904.3861},
 keywords = {gravitational lensing , galaxies: elliptical and lenticular, cD , galaxies: kinematics and dynamics , galaxies: structure},
     year = 2009,
    month = oct,
   volume = 399,
    pages = {21-36},
      doi = {10.1111/j.1365-2966.2009.14941.x},
   adsurl = {http://adsabs.harvard.edu/abs/2009MNRAS.399...21B},
  adsnote = {Provided by the SAO/NASA Astrophysics Data System}
}

@ARTICLE{BarnabeKoopmans07,
   author = {{Barnab{\`e}}, M. and {Koopmans}, L.~V.~E.},
    title = "{A Unifying Framework for Self-consistent Gravitational Lensing and Stellar Dynamics Analyses of Early-Type Galaxies}",
  journal = {\apj},
   eprint = {arXiv:astro-ph/0701372},
 keywords = {Galaxies: Elliptical and Lenticular, cD, Galaxies: Structure, Cosmology: Gravitational Lensing, Stellar Dynamics},
     year = 2007,
    month = sep,
   volume = 666,
    pages = {726-746},
      doi = {10.1086/520495},
   adsurl = {http://adsabs.harvard.edu/abs/2007ApJ...666..726B},
  adsnote = {Provided by the SAO/NASA Astrophysics Data System}
}

@ARTICLE{Behr51,
   author = {{Behr}, A.},
    title = "{Zur Entfernungsskala der extragalaktischen Nebel}",
  journal = {Astronomische Nachrichten},
     year = 1951,
    month = jan,
   volume = 279,
    pages = {97},
   adsurl = {http://adsabs.harvard.edu/abs/1951AN....279...97B},
  adsnote = {Provided by the Smithsonian/NASA Astrophysics Data System}
}

@MANUAL{Bertin07,
   author = {{Bertin}, E.},
    title = "{SWarp 2.16.4 User's guide}",
     year = 2007,
   organization = {IAP}
}

@BOOK{BinneyTremaine87,
   author = {{Binney}, J. and {Tremaine}, S.},
    title = "{Galactic dynamics}",
 keywords = {ASTROPHYSICS, CELESTIAL MECHANICS, GALACTIC STRUCTURE, MILKY WAY GALAXY, DARK MATTER, GALACTIC EVOLUTION, JEANS THEORY, ORBITAL MECHANICS, POTENTIAL THEORY, STELLAR EVOLUTION, STELLAR SYSTEMS},
publisher = {Princeton, NJ, Princeton University Press, 1987, 747 p.},
     year = 1987,
   adsurl = {http://adsabs.harvard.edu/abs/1987gady.book.....B},
  adsnote = {Provided by the SAO/NASA Astrophysics Data System}
}


@ARTICLE{Birkinshaw99,
   author = {{Birkinshaw}, M.},
    title = "{The Sunyaev-Zel'dovich effect}",
  journal = {\physrep},
   eprint = {arXiv:astro-ph/9808050},
     year = 1999,
    month = mar,
   volume = 310,
    pages = {97-195},
   adsurl = {http://adsabs.harvard.edu/abs/1999PhR...310...97B},
  adsnote = {Provided by the Smithsonian/NASA Astrophysics Data System}
}


@INCOLLECTION{BlandfordEtal01,
  author    ={{Blandford}, R. and {Surpi}, G. and {Kundi{\'c}}, T.},
  title     = "{Modeling Galaxy Lenses}",
  booktitle = "{ASP Conf. Ser. 237: Gravitational Lensing: Recent Progress and Future Goals}",
  publisher ={San Francisco: Astron. Soc. Pac. },
  editor    ={{Brainerd}, T.~G. and {Kochanek}, C.~S.},
  year      =2001,
  pages     ={65}
}

@ARTICLE{BlandfordNarayan92,
   author = {{Blandford}, R.~D. and {Narayan}, R.},
    title = "{Cosmological applications of gravitational lensing}",
  journal = {\araa},
     year = 1992,
   volume = 30,
    pages = {311-358},
      doi = {10.1146/annurev.aa.30.090192.001523},
   adsurl = {http://adsabs.harvard.edu/cgi-bin/nph-bib_query?bibcode=1992ARA%26A
..30..311B&db_key=AST},
  adsnote = {Provided by the Smithsonian/NASA Astrophysics Data System}
}

@ARTICLE{BlandfordNarayan86,
   author = {{Blandford}, R. and {Narayan}, R.},
    title = "{Fermat's principle, caustics, and the classification of gravitatio
nal lens images}",
  journal = {\apj},
     year = 1986,
    month = nov,
   volume = 310,
    pages = {568-582},
      doi = {10.1086/164709},
   adsurl = {http://adsabs.harvard.edu/cgi-bin/nph-bib_query?bibcode=1986ApJ...3
10..568B&db_key=AST},
  adsnote = {Provided by the Smithsonian/NASA Astrophysics Data System}
}

@ARTICLE{BlandfordMcKee82,
   author = {{Blandford}, R.~D. and {McKee}, C.~F.},
    title = "{Reverberation mapping of the emission line regions of Seyfert galaxies and quasars}",
  journal = {\apj},
     year = 1982,
    month = apr,
   volume = 255,
    pages = {419-439},
      doi = {10.1086/159843},
   adsurl = {http://adsabs.harvard.edu/abs/1982ApJ...255..419B},
  adsnote = {Provided by the Smithsonian/NASA Astrophysics Data System}
}

@ARTICLE{BoltonEtal06,
   author = {{Bolton}, J.~S. and {Haehnelt}, M.~G. and {Viel}, M. and {Carswell}, R.~F.},
    title = "{Spatial fluctuations in the spectral shape of the ultraviolet background at $2 < z < 3$ and the reionization of helium}",
  journal = {\mnras},
   eprint = {arXiv:astro-ph/0508201},
     year = 2006,
    month = mar,
   volume = 366,
    pages = {1378-1390},
      doi = {10.1111/j.1365-2966.2006.09927.x},
   adsurl = {http://adsabs.harvard.edu/abs/2006MNRAS.366.1378B},
  adsnote = {Provided by the Smithsonian/NASA Astrophysics Data System}
}

@ARTICLE{BoltonEtal05,
   author = {{Bolton}, J.~S. and {Haehnelt}, M.~G. and {Viel}, M. and {Springel}, V.},
    title = "{The Lyman {$\alpha$} forest opacity and the metagalactic hydrogen ionization rate at $z\sim 2-4$}",
  journal = {\mnras},
   eprint = {arXiv:astro-ph/0411072},
     year = 2005,
    month = mar,
   volume = 357,
    pages = {1178-1188},
      doi = {10.1111/j.1365-2966.2005.08704.x},
   adsurl = {http://adsabs.harvard.edu/abs/2005MNRAS.357.1178B},
  adsnote = {Provided by the Smithsonian/NASA Astrophysics Data System}
}

@ARTICLE{BonamenteEtal06,
   author = {{Bonamente}, M. and {Joy}, M.~K. and {LaRoque}, S.~J. and {Carlstrom}, J.~E. and {Reese}, E.~D. and {Dawson}, K.~S.},
    title = "{Determination of the Cosmic Distance Scale from Sunyaev-Zel'dovich Effect and Chandra X-Ray Measurements of High-Redshift Galaxy Clusters}",
  journal = {\apj},
   eprint = {arXiv:astro-ph/0512349},
     year = 2006,
    month = aug,
   volume = 647,
    pages = {25-54},
      doi = {10.1086/505291},
   adsurl = {http://adsabs.harvard.edu/abs/2006ApJ...647...25B},
  adsnote = {Provided by the Smithsonian/NASA Astrophysics Data System}
}


@ARTICLE{BottinelliEtal91,
   author = {{Bottinelli}, L. and {Gouguenheim}, L. and {Paturel}, G. and {Teerikorpi}, P.},
    title = "{A systematic effect in the use of planetary nebulae as standard ca
ndles}",
  journal = {\aap},
     year = 1991,
    month = dec,
   volume = 252,
    pages = {550-556},
   adsurl = {http://adsabs.harvard.edu/abs/1991A%26A...252..550B},
  adsnote = {Provided by the Smithsonian/NASA Astrophysics Data System}
}


@ARTICLE{BradacEtal02,
   author = {{Brada{\v c}}, M. and {Schneider}, P. and {Steinmetz}, M. and
        {Lombardi}, M. and {King}, L.~J. and {Porcas}, R.},
    title = "{B1422+231: The influence of mass substructure on strong lensing}",
  journal = {\aap},
     year = 2002,
    month = jun,
   volume = 388,
    pages = {373-382},
      doi = {10.1051/0004-6361:20020559},
   adsurl = {http://adsabs.harvard.edu/abs/2002A%26A...388..373B},
  adsnote = {Provided by the Smithsonian/NASA Astrophysics Data System}
}

@ARTICLE{BradacEtal04,
   author = {{Brada{\v c}}, M. and {Schneider}, P. and {Lombardi}, M. and
        {Steinmetz}, M. and {Koopmans}, L.~V.~E. and {Navarro}, J.~F.
        },
    title = "{The signature of substructure on gravitational lensing in the {$\Lambda$}CDM cosmological model}",
  journal = {\aap},
     year = 2004,
    month = sep,
   volume = 423,
    pages = {797-809},
      doi = {10.1051/0004-6361:20040168},
   adsurl = {http://adsabs.harvard.edu/abs/2004A%26A...423..797B},
  adsnote = {Provided by the Smithsonian/NASA Astrophysics Data System}
}

@ARTICLE{BradacEtal05,
   author = {{Brada{\v c}}, M. and {Schneider}, P. and {Lombardi}, M. and
	{Erben}, T.},
    title = "{Strong and weak lensing united}",
  journal = {\aap},
     year = 2005,
    month = jul,
   volume = 437,
    pages = {39-48},
      doi = {10.1051/0004-6361:20042233},
   adsurl = {http://adsabs.harvard.edu/abs/2005A%26A...437...39B},
  adsnote = {Provided by the Smithsonian/NASA Astrophysics Data System}
}


@ARTICLE{BrewerLewis06,
   author = {{Brewer}, B.~J. and {Lewis}, G.~F.},
    title = "{Strong Gravitational Lens Inversion: A Bayesian Approach}",
  journal = {\apj},
     year = 2006,
    month = feb,
   volume = 637,
    pages = {608-619},
      doi = {10.1086/498409},
   adsurl = {http://adsabs.harvard.edu/cgi-bin/nph-bib_query?bibcode=2006ApJ...637..608B&db_key=AST},
  adsnote = {Provided by the Smithsonian/NASA Astrophysics Data System}
}

@ARTICLE{BridleEtal98,
   author = {{Bridle}, S.~L. and {Hobson}, M.~P. and {Lasenby}, A.~N. and {Saunders}, R.},
    title = "{A maximum-entropy method for reconstructing the projected mass distribution of gravitational lenses}",
  journal = {\mnras},
     year = 1998,
    month = sep,
   volume = 299,
    pages = {895-903},
      doi = {},
   adsurl = {http://adsabs.harvard.edu/cgi-bin/nph-bib_query?bibcode=1998MNRAS.299..895B&amp;db_key=AST&amp;data_type=HTML&amp;format=&amp;high=445fa751ff22656},
  adsnote = {Provided by the Smithsonian/NASA Astrophysics Data System}
}

@ARTICLE{BrowneEtal03,
   author = {{Browne}, I.~W.~A. and {Wilkinson}, P.~N. and {Jackson}, N.~J.~F. and {Myers}, S.~T. and {Fassnacht}, C.~D. and {Koopmans}, L.~V.~E. and {Marlow}, D.~R. and {Norbury}, M. and {Rusin}, D. and {Sykes}, C.~M. and {Biggs}, A.~D. and {Blandford}, R.~D. and {de Bruyn}, A.~G. and {Chae}, K.-H. and {Helbig}, P. and {King}, L.~J. and {McKean}, J.~P. and {Pearson}, T.~J. and {Phillips}, P.~M. and {Readhead}, A.~C.~S. and {Xanthopoulos}, E. and {York}, T.},
    title = "{The Cosmic Lens All-Sky Survey - II. Gravitational lens candidate selection and follow-up}",
  journal = {\mnras},
   eprint = {arXiv:astro-ph/0211069},
 keywords = {gravitation, gravitational lensing, radio continuum: galaxies},
     year = 2003,
    month = may,
   volume = 341,
    pages = {13-32},
      doi = {10.1046/j.1365-8711.2003.06257.x},
   adsurl = {http://adsabs.harvard.edu/abs/2003MNRAS.341...13B},
  adsnote = {Provided by the SAO/NASA Astrophysics Data System}
}

@ARTICLE{CardelliEtal89,
   author = {{Cardelli}, J.~A. and {Clayton}, G.~C. and {Mathis}, J.~S.},
    title = "{The relationship between infrared, optical, and ultraviolet extinction}",
  journal = {\apj},
     year = 1989,
    month = oct,
   volume = 345,
    pages = {245-256},
      doi = {10.1086/167900},
   adsurl = {http://adsabs.harvard.edu/abs/1989ApJ...345..245C},
  adsnote = {Provided by the Smithsonian/NASA Astrophysics Data System}
}
@ARTICLE{CasertanoEtal00,
   author = {{Casertano}, S. and {de Mello}, D. and {Dickinson}, M. and {Ferguson}, H.~C. and {Fruchter}, A.~S. and {Gonzalez-Lopezlira}, R.~A. and {Heyer}, I. and {Hook}, R.~N. and {Levay}, Z. and {Lucas}, R.~A. and {Mack}, J. and {Makidon}, R.~B. and {Mutchler}, M. and {Smith}, T.~E. and {Stiavelli}, M. and {Wiggs}, M.~S. and {Williams}, R.~E.},
    title = "{WFPC2 Observations of the Hubble Deep Field South}",
  journal = {\aj},
   eprint = {arXiv:astro-ph/0010245},
     year = 2000,
    month = dec,
   volume = 120,
    pages = {2747-2824},
      doi = {10.1086/316851},
   adsurl = {http://adsabs.harvard.edu/abs/2000AJ....120.2747C},
  adsnote = {Provided by the Smithsonian/NASA Astrophysics Data System}
}


@ARTICLE{Ciardullo02,
   author = {{Ciardullo}, R. and {Feldmeier}, J.~J. and {Jacoby}, G.~H. and {Kuzio de Naray}, R. and {Laychak}, M.~B. and {Durrell}, P.~R.},
    title = "{Planetary Nebulae as Standard Candles. XII. Connecting the Populat
ion I and Population II Distance Scales}",
  journal = {\apj},
   eprint = {arXiv:astro-ph/0206177},
     year = 2002,
    month = sep,
   volume = 577,
    pages = {31-50},
      doi = {10.1086/342180},
   adsurl = {http://adsabs.harvard.edu/abs/2002ApJ...577...31C},
  adsnote = {Provided by the Smithsonian/NASA Astrophysics Data System}
}


@ARTICLE{ColemanEtal80,
   author = {{Coleman}, G.~D. and {Wu}, C.-C. and {Weedman}, D.~W.},
    title = "{Colors and magnitudes predicted for high redshift galaxies}",
  journal = {\apjs},
     year = 1980,
    month = jul,
   volume = 43,
    pages = {393-416},
      doi = {10.1086/190674},
   adsurl = {http://adsabs.harvard.edu/abs/1980ApJS...43..393C},
  adsnote = {Provided by the Smithsonian/NASA Astrophysics Data System}
}

@ARTICLE{Coles08,
   author = {{Coles}, J.},
    title = "{A New Estimate of the Hubble Time with Improved Modeling of Gravitational Lenses}",
  journal = {\apj},
archivePrefix = "arXiv",
   eprint = {0802.3219},
 keywords = {Cosmology: Cosmological Parameters, Cosmology: Gravitational Lensing},
     year = 2008,
    month = may,
   volume = 679,
    pages = {17-24},
      doi = {10.1086/587635},
   adsurl = {http://adsabs.harvard.edu/abs/2008ApJ...679...17C},
  adsnote = {Provided by the SAO/NASA Astrophysics Data System}
}


@ARTICLE{CoeMoustakas09,
   author = {{Coe}, D. and {Moustakas}, L.~A.},
    title = "{Cosmological Constraints from Gravitational Lens Time Delays}",
  journal = {\apj},
archivePrefix = "arXiv",
   eprint = {0906.4108},
 keywords = {cosmological parameters, dark matter, distance scale, galaxies: halos, gravitational lensing, quasars: general },
     year = 2009,
    month = nov,
   volume = 706,
    pages = {45-59},
      doi = {10.1088/0004-637X/706/1/45},
   adsurl = {http://adsabs.harvard.edu/abs/2009ApJ...706...45C},
  adsnote = {Provided by the SAO/NASA Astrophysics Data System}
}

@ARTICLE{Courbin03,
   author = {{Courbin}, F.},
    title = "{Quasar Lensing: the Observer's Point of View}",
  journal = {e-prints (astro-ph/0304497)},
   eprint = {astro-ph/0304497},
 keywords = {Astrophysics},
     year = 2003,
    month = apr,
   adsurl = {http://adsabs.harvard.edu/abs/2003astro.ph..4497C},
  adsnote = {Provided by the SAO/NASA Astrophysics Data System}
}

@ARTICLE{CzoskeEtal08,
   author = {{Czoske}, O. and {Barnab{\`e}}, M. and {Koopmans}, L.~V.~E. and {Treu}, T. and {Bolton}, A.~S.},
    title = "{Two-dimensional kinematics of SLACS lenses - I. Phase-space analysis of the early-type galaxy SDSSJ2321-097 at z \~{} 0.1}",
  journal = {\mnras},
archivePrefix = "arXiv",
   eprint = {0711.0888},
 keywords = {gravitational lensing , techniques: spectroscopic , galaxies: elliptical and lenticular, cD , galaxies: kinematics and dynamics , galaxies: structure},
     year = 2008,
    month = mar,
   volume = 384,
    pages = {987-1002},
      doi = {10.1111/j.1365-2966.2007.12784.x},
   adsurl = {http://adsabs.harvard.edu/abs/2008MNRAS.384..987C},
  adsnote = {Provided by the SAO/NASA Astrophysics Data System}
}


@ARTICLE{DaCostaArmandroff90,
   author = {{Da Costa}, G.~S. and {Armandroff}, T.~E.},
    title = "{Standard globular cluster giant branches in the ($M_{I,/V-I/sub}$ O) plane}",
  journal = {\aj},
     year = 1990,
    month = jul,
   volume = 100,
    pages = {162-181},
      doi = {10.1086/115500},
   adsurl = {http://adsabs.harvard.edu/abs/1990AJ....100..162D},
  adsnote = {Provided by the Smithsonian/NASA Astrophysics Data System}
}

@ARTICLE{DaiKochanek05,
   author = {{Dai}, X. and {Kochanek}, C.~S.},
    title = "{Chandra Observations of the Gravitational Lenses B1600+434 and B1608+656}",
  journal = {\apj},
   eprint = {arXiv:astro-ph/0502007},
     year = 2005,
    month = jun,
   volume = 625,
    pages = {633-642},
      doi = {10.1086/429485},
   adsurl = {http://adsabs.harvard.edu/abs/2005ApJ...625..633D},
  adsnote = {Provided by the Smithsonian/NASA Astrophysics Data System}
}

@ARTICLE{DaleEtal99,
   author = {{Dale}, D.~A. and {Giovanelli}, R. and {Haynes}, M.~P. and {Campusano}, L.~E. and {Hardy}, E.},
    title = "{Seeking the Local Convergence Depth. V. Tully-Fisher Peculiar Velocities for 52 Abell Clusters}",
  journal = {\aj},
   eprint = {arXiv:astro-ph/9907058},
     year = 1999,
    month = oct,
   volume = 118,
    pages = {1489-1505},
      doi = {10.1086/301048},
   adsurl = {http://adsabs.harvard.edu/abs/1999AJ....118.1489D},
  adsnote = {Provided by the Smithsonian/NASA Astrophysics Data System}
}

@ARTICLE{DjorgovskiDavis87,
   author = {{Djorgovski}, S. and {Davis}, M.},
    title = "{Fundamental properties of elliptical galaxies}",
  journal = {\apj},
     year = 1987,
    month = feb,
   volume = 313,
    pages = {59-68},
      doi = {10.1086/164948},
   adsurl = {http://adsabs.harvard.edu/abs/1987ApJ...313...59D},
  adsnote = {Provided by the Smithsonian/NASA Astrophysics Data System}
}

@Book{Dodelson03,
   author = {{Dodelson}, S.},
   title ={{Modern Cosmology}},
   publisher ={Academic Press},
   year      =2003
}

@ARTICLE{DobkeEtal09,
   author = {{Dobke}, B.~M. and {King}, L.~J. and {Fassnacht}, C.~D. and {Auger}, M.~W.},
    title = "{Estimating cosmological parameters from future gravitational lens surveys}",
  journal = {\mnras},
archivePrefix = "arXiv",
   eprint = {0904.1437},
 keywords = {gravitational lensing , cosmological parameters},
     year = 2009,
    month = jul,
   volume = 397,
    pages = {311-319},
      doi = {10.1111/j.1365-2966.2009.14873.x},
   adsurl = {http://adsabs.harvard.edu/abs/2009MNRAS.397..311D},
  adsnote = {Provided by the SAO/NASA Astrophysics Data System}
}

@ARTICLE{DoblerEtal07,
   author = {{Dobler}, G. and {Keeton}, C.~R. and {Wambsganss}, J.},
    title = "{Microlensing of central images in strong gravitational lens systems}",
  journal = {\mnras},
     year = 2007,
    month = may,
   volume = 377,
    pages = {977-986},
      doi = {10.1111/j.1365-2966.2007.11695.x},
   adsurl = {http://adsabs.harvard.edu/abs/2007MNRAS.377..977D},
  adsnote = {Provided by the Smithsonian/NASA Astrophysics Data System}
}

@ARTICLE{DresslerEtal87,
   author = {{Dressler}, A. and {Lynden-Bell}, D. and {Burstein}, D. and
	{Davies}, R.~L. and {Faber}, S.~M. and {Terlevich}, R. and {Wegner}, G.
	},
    title = "{Spectroscopy and photometry of elliptical galaxies. I - A new distance estimator}",
  journal = {\apj},
     year = 1987,
    month = feb,
   volume = 313,
    pages = {42-58},
      doi = {10.1086/164947},
   adsurl = {http://adsabs.harvard.edu/abs/1987ApJ...313...42D},
  adsnote = {Provided by the Smithsonian/NASA Astrophysics Data System}
}

@ARTICLE{DresslerGunn83,
   author = {{Dressler}, A. and {Gunn}, J.~E.},
    title = "{Spectroscopy of galaxies in distant clusters. II - The population of the 3C 295 cluster}",
  journal = {\apj},
     year = 1983,
    month = jul,
   volume = 270,
    pages = {7-19},
      doi = {10.1086/161093},
   adsurl = {http://adsabs.harvard.edu/abs/1983ApJ...270....7D},
  adsnote = {Provided by the Smithsonian/NASA Astrophysics Data System}
}

@ARTICLE{DunkleyEtal09,
   author = {{Dunkley}, J. and {Komatsu}, E. and {Nolta}, M.~R. and {Spergel}, D.~N. and {Larson}, D. and {Hinshaw}, G. and {Page}, L. and {Bennett}, C.~L. and {Gold}, B. and {Jarosik}, N. and {Weiland}, J.~L. and {Halpern}, M. and {Hill}, R.~S. and {Kogut}, A. and {Limon}, M. and {Meyer}, S.~S. and {Tucker}, G.~S. and {Wollack}, E. and {Wright}, E.~L.},
    title = "{Five-Year Wilkinson Microwave Anisotropy Probe Observations: Likelihoods and Parameters from the WMAP Data}",
  journal = {\apjs},
archivePrefix = "arXiv",
   eprint = {0803.0586},
 keywords = {cosmic microwave background, cosmology: observations, early universe, polarization },
     year = 2009,
    month = feb,
   volume = 180,
    pages = {306-329},
      doi = {10.1088/0067-0049/180/2/306},
   adsurl = {http://adsabs.harvard.edu/abs/2009ApJS..180..306D},
  adsnote = {Provided by the SAO/NASA Astrophysics Data System}
}

@ARTICLE{DyeEtal08,
   author = {{Dye}, S. and {Evans}, N.~W. and {Belokurov}, V. and {Warren}, S.~J. and {Hewett}, P.},
    title = "{Models of the Cosmic Horseshoe gravitational lens J1004+4112}",
  journal = {\mnras},
archivePrefix = "arXiv",
   eprint = {0804.4002},
 keywords = {gravitational lensing , galaxies: structure},
     year = 2008,
    month = jul,
   volume = 388,
    pages = {384-392},
      doi = {10.1111/j.1365-2966.2008.13401.x},
   adsurl = {http://adsabs.harvard.edu/abs/2008MNRAS.388..384D},
  adsnote = {Provided by the SAO/NASA Astrophysics Data System}
}

@ARTICLE{DyeWarren05,
   author = {{Dye}, S. and {Warren}, S.~J.},
    title = "{Decomposition of the Visible and Dark Matter in the Einstein Ring 0047-2808 by Semilinear Inversion}",
  journal = {\apj},
     year = 2005,
    month = apr,
   volume = 623,
    pages = {31-41},
      doi = {10.1086/428340},
   adsurl = {http://adsabs.harvard.edu/cgi-bin/nph-bib_query?bibcode=2005ApJ...623...31D&db_key=AST},
  adsnote = {Provided by the Smithsonian/NASA Astrophysics Data System}
}

@ARTICLE{EisensteinEtal05,
   author = {{Eisenstein}, D.~J. and {Zehavi}, I. and {Hogg}, D.~W. and {Scoccimarro}, R. and {Blanton}, M.~R. and {Nichol}, R.~C. and {Scranton}, R. and {Seo}, H.-J. and {Tegmark}, M. and {Zheng}, Z. and {Anderson}, S.~F. and {Annis}, J. and {Bahcall}, N. and {Brinkmann}, J. and {Burles}, S. and {Castander}, F.~J. and {Connolly}, A. and {Csabai}, I. and {Doi}, M. and {Fukugita}, M. and {Frieman}, J.~A. and {Glazebrook}, K. and {Gunn}, J.~E. and {Hendry}, J.~S. and {Hennessy}, G. and {Ivezi{\'c}}, Z. and {Kent}, S. and {Knapp}, G.~R. and {Lin}, H. and {Loh}, Y.-S. and {Lupton}, R.~H. and {Margon}, B. and {McKay}, T.~A. and {Meiksin}, A. and {Munn}, J.~A. and {Pope}, A. and {Richmond}, M.~W. and {Schlegel}, D. and {Schneider}, D.~P. and {Shimasaku}, K. and {Stoughton}, C. and {Strauss}, M.~A. and {SubbaRao}, M. and {Szalay}, A.~S. and {Szapudi}, I. and {Tucker}, D.~L. and {Yanny}, B. and {York}, D.~G.},
    title = "{Detection of the Baryon Acoustic Peak in the Large-Scale Correlation Function of SDSS Luminous Red Galaxies}",
  journal = {\apj},
   eprint = {arXiv:astro-ph/0501171},
     year = 2005,
    month = nov,
   volume = 633,
    pages = {560-574},
      doi = {10.1086/466512},
   adsurl = {http://adsabs.harvard.edu/abs/2005ApJ...633..560E},
  adsnote = {Provided by the Smithsonian/NASA Astrophysics Data System}
}

@ARTICLE{FaberJackson76,
   author = {{Faber}, S.~M. and {Jackson}, R.~E.},
    title = "{Velocity dispersions and mass-to-light ratios for elliptical galaxies}",
  journal = {\apj},
     year = 1976,
    month = mar,
   volume = 204,
    pages = {668-683},
   adsurl = {http://adsabs.harvard.edu/abs/1976ApJ...204..668F},
  adsnote = {Provided by the Smithsonian/NASA Astrophysics Data System}
}

@ARTICLE{FadelyEtal09,
   author = {{Fadely}, R. and {Keeton}, C.~R. and {Nakajima}, R. and {Bernstein}, G.~M.},
    title = "{Improved Constraints on the Gravitational Lens Q0957+561. II. Strong Lensing}",
  journal = {ArXiv e-prints (0909.1807)},
archivePrefix = "arXiv",
   eprint = {arXiv:0909.1807},
 keywords = {Astrophysics - Cosmology and Extragalactic Astrophysics},
     year = 2009,
    month = sep,
   adsurl = {http://adsabs.harvard.edu/abs/2009arXiv0909.1807F},
  adsnote = {Provided by the SAO/NASA Astrophysics Data System}
}


@ARTICLE{FassnachtEtal09,
   author = {{Fassnacht}, C.~D. and {Koopmans}, L.~V.~E. and {Wong}, K.~C.},
    title = "{Galaxy Number Counts and Implications for Strong Lensing}",
  journal = {ArXiv e-prints (0909.4301)},
archivePrefix = "arXiv",
   eprint = {arXiv:0909.4301},
 keywords = {Astrophysics - Cosmology and Extragalactic Astrophysics},
     year = 2009,
    month = sep,
   adsurl = {http://adsabs.harvard.edu/abs/2009arXiv0909.4301F},
  adsnote = {Provided by the SAO/NASA Astrophysics Data System}
}

@ARTICLE{FassnachtEtal06,
   author = {{Fassnacht}, C.~D. and {Gal}, R.~R. and {Lubin}, L.~M. and {McKean}, J.~P. and {Squires}, G.~K. and {Readhead}, A.~C.~S.},
    title = "{Mass along the Line of Sight to the Gravitational Lens B1608+656: Galaxy Groups and Implications for $H_{0}$ }",
  journal = {\apj},
   eprint = {arXiv:astro-ph/0510728},
     year = 2006,
    month = may,
   volume = 642,
    pages = {30-38},
      doi = {10.1086/500927},
   adsurl = {http://adsabs.harvard.edu/abs/2006ApJ...642...30F},
  adsnote = {Provided by the Smithsonian/NASA Astrophysics Data System}
}

@ARTICLE{FassnachtEtal06p2,
   author = {{Fassnacht}, C.~D. and {McKean}, J.~P. and {Koopmans}, L.~V.~E. and {Treu}, T. and {Blandford}, R.~D. and {Auger}, M.~W. and {Jeltema}, T.~E. and {Lubin}, L.~M. and {Margoniner}, V.~E. and {Wittman}, D.},
    title = "{Three Gravitational Lenses for the Price of One: Enhanced Strong Lensing through Galaxy Clustering}",
  journal = {\apj},
   eprint = {arXiv:astro-ph/0603445},
 keywords = {Galaxies: Individual: Alphanumeric: B1608+656, Cosmology: Gravitational Lensing},
     year = 2006,
    month = nov,
   volume = 651,
    pages = {667-675},
      doi = {10.1086/507623},
   adsurl = {http://adsabs.harvard.edu/abs/2006ApJ...651..667F},
  adsnote = {Provided by the SAO/NASA Astrophysics Data System}
}


@ARTICLE{FassnachtEtal02,
   author = {{Fassnacht}, C.~D. and {Xanthopoulos}, E. and {Koopmans}, L.~V.~E. and {Rusin}, D.},
    title = "{A Determination of $H_{0}$ with the CLASS Gravitational Lens B1608+656. III. A Significant Improvement in the Precision of the Time Delay Measuremxents}",
  journal = {\apj},
   eprint = {astro-ph/0208420},
     year = 2002,
    month = dec,
   volume = 581,
    pages = {823-835},
      doi = {10.1086/344368},
   adsurl = {http://adsabs.harvard.edu/cgi-bin/nph-bib_query?bibcode=2002ApJ...5
81..823F&db_key=AST},
  adsnote = {Provided by the Smithsonian/NASA Astrophysics Data System}
}

@ARTICLE{FassnachtEtal99,
   author = {{Fassnacht}, C.~D. and {Pearson}, T.~J. and {Readhead}, A.~C.~S. and {Browne}, I.~W.~A. and {Koopmans}, L.~V.~E. and {Myers}, S.~T. and {Wilkinson}, P.~N.},
    title = "{A Determination of $H_{0}$ with the CLASS Gravitational Lens B1608+656. I. Time Delay Measurements with the VLA}",
  journal = {\apj},
   eprint = {astro-ph/9907257},
     year = 1999,
    month = dec,
   volume = 527,
    pages = {498-512},
      doi = {10.1086/308118},
   adsurl = {http://adsabs.harvard.edu/cgi-bin/nph-bib_query?bibcode=1999ApJ...5
27..498F&db_key=AST},
  adsnote = {Provided by the Smithsonian/NASA Astrophysics Data System}
}

@ARTICLE{FassnachtEtal96,
   author = {{Fassnacht}, C.~D. and {Womble}, D.~S. and {Neugebauer}, G. and {Browne}, I.~W.~A. and {Readhead}, A.~C.~S. and {Matthews}, K. and {Pearson}, T.~J.},
    title = "{1608+656: A Gravitationally Lensed Poststarburst Radio Galaxy}",
  journal = {\apjl},
     year = 1996,
    month = apr,
   volume = 460,
    pages = {L103},
      doi = {10.1086/309984},
   adsurl = {http://adsabs.harvard.edu/abs/1996ApJ...460L.103F},
  adsnote = {Provided by the Smithsonian/NASA Astrophysics Data System}
}

@PHDTHESIS{Federspiel99,
   author = {{Federspiel}, M.},
     year = 1999,
   school = "{Univ. of Basel}"
}

@ARTICLE{FohlmeisterEtal08,
   author = {{Fohlmeister}, J. and {Kochanek}, C.~S. and {Falco}, E.~E. and {Morgan}, C.~W. and {Wambsganss}, J.},
    title = "{The Rewards of Patience: An 822 Day Time Delay in the Gravitational Lens SDSS J1004+4112}",
  journal = {\apj},
archivePrefix = "arXiv",
   eprint = {0710.1634},
 keywords = {Cosmology: Observations, Cosmology: Gravitational Lensing, quasars: individual (SDSS J1004+4112)},
     year = 2008,
    month = apr,
   volume = 676,
    pages = {761-766},
      doi = {10.1086/528789},
   adsurl = {http://adsabs.harvard.edu/abs/2008ApJ...676..761F},
  adsnote = {Provided by the SAO/NASA Astrophysics Data System}
}


@ARTICLE{FordJenner78,
   author = {{Ford}, H.~C. and {Jenner}, D.~C.},
    title = "{Planetary Nebulae in the Nuclear Bulge of M81: A New Distance Determination}",
booktitle = {Bulletin of the American Astronomical Society},
     year = 1978,
   series = {Bulletin of the American Astronomical Society},
   volume = 10,
    month = sep,
    pages = {665},
   adsurl = {http://adsabs.harvard.edu/abs/1978BAAS...10Q.665F},
  adsnote = {Provided by the Smithsonian/NASA Astrophysics Data System}
}

@ARTICLE{FreedmanTurner03,
   author = {{Freedman}, W.~L. and {Turner}, M.~S.},
    title = "{Colloquium: Measuring and understanding the universe}",
  journal = {Reviews of Modern Physics},
   eprint = {arXiv:astro-ph/0308418},
     year = 2003,
    month = nov,
   volume = 75,
    pages = {1433-1447},
   adsurl = {http://adsabs.harvard.edu/abs/2003RvMP...75.1433F},
  adsnote = {Provided by the Smithsonian/NASA Astrophysics Data System}
}


@ARTICLE{FreedmanEtal01,
   author = {{Freedman}, W.~L. and {Madore}, B.~F. and {Gibson}, B.~K. and {Ferrarese}, L. and {Kelson}, D.~D. and {Sakai}, S. and {Mould}, J.~R. and {Kennicutt}, Jr., R.~C. and {Ford}, H.~C. and {Graham}, J.~A. and {Huchra}, J.~P. and {Hughes}, S.~M.~G. and {Illingworth}, G.~D. and {Macri}, L.~M. and {Stetson}, P.~B.},
    title = "{Final Results from the Hubble Space Telescope Key Project to Measure the Hubble Constant}",
  journal = {\apj},
   eprint = {arXiv:astro-ph/0012376},
     year = 2001,
    month = may,
   volume = 553,
    pages = {47-72},
      doi = {10.1086/320638},
   adsurl = {http://adsabs.harvard.edu/abs/2001ApJ...553...47F},
  adsnote = {Provided by the Smithsonian/NASA Astrophysics Data System}
}

@INPROCEEDINGS{FruchterHook97,
   author = {{Fruchter}, A. and {Hook}, R.~N.},
    title = "{Novel image reconstruction method applied to deep Hubble space telescope images}",
booktitle = {Proc. SPIE Vol. 3164, p. 120-125, Applications of Digital Image Processing XX, Andrew G. Tescher; Ed.},
     year = 1997,
   series = {Presented at the Society of Photo-Optical Instrumentation Engineers (SPIE) Conference},
   volume = 3164,
   editor = {{Tescher}, A.~G.},
    month = oct,
    pages = {120-125},
   adsurl = {http://adsabs.harvard.edu/abs/1997SPIE.3164..120F},
  adsnote = {Provided by the Smithsonian/NASA Astrophysics Data System}
}

@ARTICLE{GavazziEtal07,
   author = {{Gavazzi}, R. and {Treu}, T. and {Rhodes}, J.~D. and {Koopmans}, L.~V.~E. and {Bolton}, A.~S. and {Burles}, S. and {Massey}, R.~J. and {Moustakas}, L.~A.},
    title = "{The Sloan Lens ACS Survey. IV. The Mass Density Profile of Early-Type Galaxies out to 100 Effective Radii}",
  journal = {\apj},
   eprint = {arXiv:astro-ph/0701589},
 keywords = {Cosmology: Dark Matter, Galaxies: Elliptical and Lenticular, cD, Galaxies: Structure, Cosmology: Gravitational Lensing},
     year = 2007,
    month = sep,
   volume = 667,
    pages = {176-190},
      doi = {10.1086/519237},
   adsurl = {http://adsabs.harvard.edu/abs/2007ApJ...667..176G},
  adsnote = {Provided by the SAO/NASA Astrophysics Data System}
}

@ARTICLE{GebhardtEtal03,
   author = {{Gebhardt}, K. and {Richstone}, D. and {Tremaine}, S. and {Lauer}, T.~R. and {Bender}, R. and {Bower}, G. and {Dressler}, A. and {Faber}, S.~M. and {Filippenko}, A.~V. and {Green}, R. and {Grillmair}, C. and {Ho}, L.~C. and {Kormendy}, J. and {Magorrian}, J. and {Pinkney}, J.},
    title = "{Axisymmetric Dynamical Models of the Central Regions of Galaxies}",
  journal = {\apj},
   eprint = {arXiv:astro-ph/0209483},
 keywords = {Black Hole Physics, Galaxies: General, Galaxies: Nuclei, Galaxies: Statistics, Stellar Dynamics},
     year = 2003,
    month = jan,
   volume = 583,
    pages = {92-115},
      doi = {10.1086/345081},
   adsurl = {http://adsabs.harvard.edu/abs/2003ApJ...583...92G},
  adsnote = {Provided by the SAO/NASA Astrophysics Data System}
}

@ARTICLE{GiovanelliEtal97,
   author = {{Giovanelli}, R. and {Haynes}, M.~P. and {Herter}, T. and {Vogt}, N.~P. and {Wegner}, G. and {Salzer}, J.~J. and {da Costa}, L.~N. and {Freudling}, W.},
    title = "{The I band Tully-Fisher relation for cluster galaxies: data presentation.}",
  journal = {\aj},
   eprint = {arXiv:astro-ph/9610117},
     year = 1997,
    month = jan,
   volume = 113,
    pages = {22-52},
      doi = {10.1086/118233},
   adsurl = {http://adsabs.harvard.edu/abs/1997AJ....113...22G},
  adsnote = {Provided by the Smithsonian/NASA Astrophysics Data System}
}

@ARTICLE{FalcoEtal85,
   author = {{Falco}, E.~E. and {Gorenstein}, M.~V. and {Shapiro}, I.~I.},
    title = "{On model-dependent bounds on H(0) from gravitational images Application of Q0957 + 561A,B}",
  journal = {\apjl},
     year = 1985,
    month = feb,
   volume = 289,
    pages = {L1-L4},
      doi = {10.1086/184422},
   adsurl = {http://adsabs.harvard.edu/abs/1985ApJ...289L...1F},
  adsnote = {Provided by the Smithsonian/NASA Astrophysics Data System}
}


@ARTICLE{Gouguenheim69,
   author = {{Gouguenheim}, L.},
    title = "{Neutral hydrogen content of small galaxies.}",
  journal = {\aap},
     year = 1969,
    month = nov,
   volume = 3,
    pages = {281-307},
   adsurl = {http://adsabs.harvard.edu/abs/1969A%26A.....3..281G},
  adsnote = {Provided by the Smithsonian/NASA Astrophysics Data System}
}

@ARTICLE{GroginNarayan96b,
   author = {{Grogin}, N.~A. and {Narayan}, R.},
    title = "{A New Model of the Gravitational Lens 0957+561 and a Limit on the Hubble Constant: Erratum}",
  journal = {\apj},
   eprint = {arXiv:astro-ph/9512156},
     year = 1996,
    month = dec,
   volume = 473,
    pages = {570},
      doi = {10.1086/178171},
   adsurl = {http://adsabs.harvard.edu/abs/1996ApJ...473..570G},
  adsnote = {Provided by the Smithsonian/NASA Astrophysics Data System}
}

@ARTICLE{GroginNarayan96a,
   author = {{Grogin}, N.~A. and {Narayan}, R.},
    title = "{A New Model of the Gravitational Lens 0957+561 and a Limit on the Hubble Constant}",
  journal = {\apj},
     year = 1996,
    month = jun,
   volume = 464,
    pages = {92},
      doi = {10.1086/177302},
   adsurl = {http://adsabs.harvard.edu/abs/1996ApJ...464...92G},
  adsnote = {Provided by the Smithsonian/NASA Astrophysics Data System}
}


@ARTICLE{GullDaniell78,
   author = {{Gull}, S.~F. and {Daniell}, G.~J.},
    title = "{Image reconstruction from incomplete and noisy data}",
  journal = {\nat},
     year = 1978,
    month = apr,
   volume = 272,
    pages = {686-690},
   adsurl = {http://adsabs.harvard.edu/cgi-bin/nph-bib_query?bibcode=1978Natur.272..686G&db_key=AST},
  adsnote = {Provided by the Smithsonian/NASA Astrophysics Data System}
}

@ARTICLE{Herrnstein99,
   author = {{Herrnstein}, J.~R. and {Moran}, J.~M. and {Greenhill}, L.~J. and
	{Diamond}, P.~J. and {Inoue}, M. and {Nakai}, N. and {Miyoshi}, M. and
	{Henkel}, C. and {Riess}, A.},
    title = "{A geometric distance to the galaxy NGC4258 from orbital motions in a nuclear gas disk}",
  journal = {\nat},
   eprint = {arXiv:astro-ph/9907013},
     year = 1999,
    month = aug,
   volume = 400,
    pages = {539-541},
      doi = {10.1038/22972},
   adsurl = {http://adsabs.harvard.edu/abs/1999Natur.400..539H},
  adsnote = {Provided by the Smithsonian/NASA Astrophysics Data System}
}


@ARTICLE{HilbertEtal07,
   author = {{Hilbert}, S. and {White}, S.~D.~M. and {Hartlap}, J. and {Schneider}, P.},
    title = "{Strong lensing optical depths in a {$\Lambda$}CDM universe}",
  journal = {\mnras},
   eprint = {arXiv:astro-ph/0703803},
 keywords = {gravitational lensing , methods: numerical , cosmology: theory , dark matter , large-scale structure of Universe},
     year = 2007,
    month = nov,
   volume = 382,
    pages = {121-132},
      doi = {10.1111/j.1365-2966.2007.12391.x},
   adsurl = {http://adsabs.harvard.edu/abs/2007MNRAS.382..121H},
  adsnote = {Provided by the SAO/NASA Astrophysics Data System}
}

@ARTICLE{HilbertEtal08,
   author = {{Hilbert}, S. and {White}, S.~D.~M. and {Hartlap}, J. and {Schneider}, P.
  },
    title = "{Strong-lensing optical depths in a {$\Lambda$}CDM universe - II. The influence of the stellar mass in galaxies}",
  journal = {\mnras},
   eprint = {arXiv:0712.1593},
 keywords = {gravitational lensing , methods: numerical , galaxies: general , cosmology: theory , dark matter , large-scale structure of Universe},
     year = 2008,
    month = jun,
   volume = 386,
    pages = {1845-1854},
      doi = {10.1111/j.1365-2966.2008.13190.x},
   adsurl = {http://adsabs.harvard.edu/abs/2008MNRAS.386.1845H},
  adsnote = {Provided by the SAO/NASA Astrophysics Data System}
}

@ARTICLE{HilbertEtal09,
   author = {{Hilbert}, S. and {Hartlap}, J. and {White}, S.~D.~M. and {Schneider}, P.},
    title = "{Ray-tracing through the Millennium Simulation: Born corrections and lens-lens coupling in cosmic shear and galaxy-galaxy lensing}",
  journal = {\aap},
archivePrefix = "arXiv",
   eprint = {0809.5035},
 keywords = {gravitational lensing, dark matter, large-scale structure of Universe, cosmology: theory, methods: numerical},
     year = 2009,
    month = may,
   volume = 499,
    pages = {31-43},
      doi = {10.1051/0004-6361/200811054},
   adsurl = {http://adsabs.harvard.edu/abs/2009A%26A...499...31H},
  adsnote = {Provided by the SAO/NASA Astrophysics Data System}
}

@ARTICLE{HobsonEtal02,
   author = {{Hobson}, M.~P. and {Bridle}, S.~L. and {Lahav}, O.},
    title = "{Combining cosmological data sets: hyperparameters and Bayesian evidence}",
  journal = {\mnras},
     year = 2002,
    month = sep,
   volume = 335,
    pages = {377-388},
      doi = {10.1046/j.1365-8711.2002.05614.x},
   adsurl = {http://adsabs.harvard.edu/cgi-bin/nph-bib_query?bibcode=2002MNRAS.335..377H&db_key=AST},
  adsnote = {Provided by the Smithsonian/NASA Astrophysics Data System}
}

@ARTICLE{HollisEtal92,
   author = {{Hollis}, J.~M. and {Dorband}, J.~E. and {Yusef-Zadeh}, F.},
    title = "{Comparing restored HST and VLA imagery of R Aquarii}",
  journal = {\apj},
     year = 1992,
    month = feb,
   volume = 386,
    pages = {293-298},
      doi = {10.1086/171015},
   adsurl = {http://adsabs.harvard.edu/abs/1992ApJ...386..293H},
  adsnote = {Provided by the Smithsonian/NASA Astrophysics Data System}
}

@ARTICLE{Holmberg58,
   author = {{Holmberg}, E.},
    title = "{A photographic photometry of extragalactic nebulae.}",
  journal = {Meddelanden fran Lunds Astronomiska Observatorium Serie II},
     year = 1958,
   volume = 136,
    pages = {1},
   adsurl = {http://adsabs.harvard.edu/abs/1958MeLu2.136....1H},
  adsnote = {Provided by the Smithsonian/NASA Astrophysics Data System}
}


@ARTICLE{Hu05,
   author = {{Hu}, W.},
    title = "{Dark Energy Probes in Light of the CMB}",
booktitle = {Observing Dark Energy},
     year = 2005,
   series = {Astronomical Society of the Pacific Conference Series},
   volume = 339,
   editor = {{Wolff}, S.~C. and {Lauer}, T.~R.},
    month = aug,
    pages = {215},
   adsurl = {http://adsabs.harvard.edu/abs/2005ASPC..339..215H},
  adsnote = {Provided by the Smithsonian/NASA Astrophysics Data System}
}


@ARTICLE{Hubble29,
   author = {{Hubble}, E.},
    title = "{A Relation between Distance and Radial Velocity among Extra-Galactic Nebulae}",
  journal = {Proceedings of the National Academy of Science},
     year = 1929,
    month = mar,
   volume = 15,
    pages = {168-173},
   adsurl = {http://adsabs.harvard.edu/abs/1929PNAS...15..168H},
  adsnote = {Provided by the Smithsonian/NASA Astrophysics Data System}
}

@ARTICLE{HumphreyBuote09,
   author = {{Humphrey}, P.~J. and {Buote}, D.~A.},
    title = "{The slope of the mass profile and the tilt of the fundamental plane in early-type galaxies}",
  journal = {ArXiv e-prints (0911.0678)},
archivePrefix = "arXiv",
   eprint = {0911.0678},
 keywords = {Astrophysics - Cosmology and Extragalactic Astrophysics},
     year = 2009,
    month = nov,
   adsurl = {http://adsabs.harvard.edu/abs/2009arXiv0911.0678H},
  adsnote = {Provided by the SAO/NASA Astrophysics Data System}
}

@ARTICLE{JakobssonEtal05,
   author = {{Jakobsson}, P. and {Hjorth}, J. and {Burud}, I. and {Letawe}, G. and {Lidman}, C. and {Courbin}, F.},
    title = "{An optical time delay for the double gravitational lens system FBQ 0951+2635}",
  journal = {\aap},
   eprint = {arXiv:astro-ph/0409444},
 keywords = {gravitational lensing, galaxies: quasars: individual: FBQ 0951+2635, cosmology: cosmological parameters},
     year = 2005,
    month = feb,
   volume = 431,
    pages = {103-109},
      doi = {10.1051/0004-6361:20041432},
   adsurl = {http://adsabs.harvard.edu/abs/2005A%26A...431..103J},
  adsnote = {Provided by the SAO/NASA Astrophysics Data System}
}


@ARTICLE{JeeEtal07,
   author = {{Jee}, M.~J. and {Ford}, H.~C. and {Illingworth}, G.~D. and
	{White}, R.~L. and {Broadhurst}, T.~J. and {Coe}, D.~A. and
	{Meurer}, G.~R. and {van der Wel}, A. and {Ben{\'{\i}}tez}, N. and
	{Blakeslee}, J.~P. and {Bouwens}, R.~J. and {Bradley}, L.~D. and
	{Demarco}, R. and {Homeier}, N.~L. and {Martel}, A.~R. and {Mei}, S.
	},
    title = "{Discovery of a Ringlike Dark Matter Structure in the Core of the Galaxy Cluster Cl 0024+17}",
  journal = {\apj},
   eprint = {arXiv:0705.2171},
     year = 2007,
    month = jun,
   volume = 661,
    pages = {728-749},
      doi = {10.1086/517498},
   adsurl = {http://adsabs.harvard.edu/abs/2007ApJ...661..728J},
  adsnote = {Provided by the Smithsonian/NASA Astrophysics Data System}
}

@ARTICLE{JorgensenEtal96,
   author = {{Jorgensen}, I. and {Franx}, M. and {Kjaergaard}, P.},
    title = "{The Fundamental Plane for cluster E and S0 galaxies}",
  journal = {\mnras},
   eprint = {arXiv:astro-ph/9511139},
     year = 1996,
    month = may,
   volume = 280,
    pages = {167-185},
   adsurl = {http://adsabs.harvard.edu/abs/1996MNRAS.280..167J},
  adsnote = {Provided by the Smithsonian/NASA Astrophysics Data System}
}

@ARTICLE{JulloEtal2007,
   author = {{Jullo}, E. and {Kneib}, {J.-P.} and {Limousin}, M. and {El{\'{\i}}asd{\'o}ttir}, {\'A}. and {Marshall}, P.~J. and {Verdugo}, T.},
    title = "{A Bayesian approach to strong lensing modelling of galaxy clusters}",
  journal = {New Journal of Physics},
archivePrefix = "arXiv",
   eprint = {0706.0048},
     year = 2007,
    month = dec,
   volume = 9,
    pages = {447},
      doi = {10.1088/1367-2630/9/12/447},
   adsurl = {http://adsabs.harvard.edu/abs/2007NJPh....9..447J},
  adsnote = {Provided by the SAO/NASA Astrophysics Data System}
}

@ARTICLE{KarachentsevEtal03,
   author = {{Karachentsev}, I.~D. and {Makarov}, D.~I. and {Sharina}, M.~E. and {Dolphin}, A.~E. and {Grebel}, E.~K. and {Geisler}, D. and {Guhathakurta}, P. and {Hodge}, P.~W. and {Karachentseva}, V.~E. and {Sarajedini}, A. and {Seitzer}, P.},
    title = "{Local galaxy flows within 5 Mpc}",
  journal = {\aap},
   eprint = {arXiv:astro-ph/0211011},
     year = 2003,
    month = feb,
   volume = 398,
    pages = {479-491},
      doi = {10.1051/0004-6361:20021566},
   adsurl = {http://adsabs.harvard.edu/abs/2003A%26A...398..479K},
  adsnote = {Provided by the Smithsonian/NASA Astrophysics Data System}
}


@ARTICLE{Kavelaars00,
   author = {{Kavelaars}, J.~J. and {Harris}, W.~E. and {Hanes}, D.~A. and {Hesser}, J.~E. and {Pritchet}, C.~J.},
    title = "{The Globular Cluster Systems in the Coma Ellipticals. I. The Lumin
osity Function in NGC 4874 and Implications for Hubble's Constant}",
  journal = {\apj},
   eprint = {arXiv:astro-ph/9911206},
     year = 2000,
    month = apr,
   volume = 533,
    pages = {125-136},
      doi = {10.1086/308642},
   adsurl = {http://adsabs.harvard.edu/abs/2000ApJ...533..125K},
  adsnote = {Provided by the Smithsonian/NASA Astrophysics Data System}
}


@ARTICLE{Keeton01,
   author = {{Keeton}, C.~R.},
    title = "{Computational Methods for Gravitational Lensing}",
  journal = {e-prints (astro-ph/0102340)},
   eprint = {astro-ph/0102340},
     year = 2001,
    month = feb,
   adsurl = {http://adsabs.harvard.edu/abs/2001astro.ph..2340K},
  adsnote = {Provided by the Smithsonian/NASA Astrophysics Data System}
}

@ARTICLE{Keeton03,
   author = {{Keeton}, C.~R.},
    title = "{Analytic Cross Sections for Substructure Lensing}",
  journal = {\apj},
   eprint = {arXiv:astro-ph/0209040},
 keywords = {Cosmology: Theory, Cosmology: Dark Matter, Cosmology: Gravitational Lensing, Cosmology: Large-Scale Structure of Universe},
     year = 2003,
    month = feb,
   volume = 584,
    pages = {664-674},
      doi = {10.1086/345717},
   adsurl = {http://adsabs.harvard.edu/abs/2003ApJ...584..664K},
  adsnote = {Provided by the SAO/NASA Astrophysics Data System}
}

@ARTICLE{KeetonZabludoff04,
   author = {{Keeton}, C.~R. and {Zabludoff}, A.~I.},
    title = "{The Importance of Lens Galaxy Environments}",
  journal = {\apj},
   eprint = {arXiv:astro-ph/0406060},
     year = 2004,
    month = sep,
   volume = 612,
    pages = {660-678},
      doi = {10.1086/422745},
   adsurl = {http://adsabs.harvard.edu/abs/2004ApJ...612..660K},
  adsnote = {Provided by the Smithsonian/NASA Astrophysics Data System}
}

@ARTICLE{KirshnerKwan74,
   author = {{Kirshner}, R.~P. and {Kwan}, J.},
    title = "{Distances to extragalactic supernovae}",
  journal = {\apj},
 keywords = {ASTROMETRY, DISTANCE MEASURING EQUIPMENT, INTERGALACTIC MEDIA, STELLAR SPECTROPHOTOMETRY, SUPERNOVAE, BRIGHTNESS TEMPERATURE, GALACTIC CLUSTERS, LINE SPECTRA, PHOTOSPHERE, VARIABLE STARS},
     year = 1974,
    month = oct,
   volume = 193,
    pages = {27-36},
      doi = {10.1086/153123},
   adsurl = {http://adsabs.harvard.edu/abs/1974ApJ...193...27K},
  adsnote = {Provided by the SAO/NASA Astrophysics Data System}
}


@ARTICLE{KneibEtal96,
   author = {{Kneib}, J.-P. and {Ellis}, R.~S. and {Smail}, I. and {Couch}, W.~J. and {Sharples}, R.~M.},
    title = "{Hubble Space Telescope Observations of the Lensing Cluster Abell 2218}",
  journal = {\apj},
   eprint = {arXiv:astro-ph/9511015},
     year = 1996,
    month = nov,
   volume = 471,
    pages = {643},
      doi = {10.1086/177995},
   adsurl = {http://adsabs.harvard.edu/abs/1996ApJ...471..643K},
  adsnote = {Provided by the Smithsonian/NASA Astrophysics Data System}
}

@ARTICLE{Kochanek02,
   author = {{Kochanek}, C.~S.},
    title = "{What Do Gravitational Lens Time Delays Measure?}",
  journal = {\apj},
   eprint = {arXiv:astro-ph/0205319},
 keywords = {Cosmology: Cosmological Parameters, Cosmology: Dark Matter, Cosmology: Distance Scale, Galaxies: Halos, Cosmology: Gravitational Lensing},
     year = 2002,
    month = oct,
   volume = 578,
    pages = {25-32},
      doi = {10.1086/342476},
   adsurl = {http://adsabs.harvard.edu/abs/2002ApJ...578...25K},
  adsnote = {Provided by the SAO/NASA Astrophysics Data System}
}

@INPROCEEDINGS{KoekemoerEtal02,
   author = {{Koekemoer}, A.~M. and {Fruchter}, A.~S. and {Hook}, R.~N. and {Hack}, W.},
    title = "{MultiDrizzle: An Integrated Pyraf Script for Registering, Cleaning and Combining Images}",
booktitle = {The 2002 HST Calibration Workshop : Hubble after the Installation of the ACS and the NICMOS Cooling System, Proceedings of a Workshop held at the Space Telescope Science Institute, Baltimore, Maryland, October 17 and 18, 2002.  Edited by Santiago Arribas, Anton Koekemoer, and Brad Whitmore. Baltimore, MD: Space Telescope Science Institute, 2002., p.337},
     year = 2002,
   editor = {{Arribas}, S. and {Koekemoer}, A. and {Whitmore}, B.},
    pages = {},
   adsurl = {http://adsabs.harvard.edu/abs/2002hstc.conf..337K},
  adsnote = {Provided by the Smithsonian/NASA Astrophysics Data System}
}

@ARTICLE{KomatsuEtal09,
   author = {{Komatsu}, E. and {Dunkley}, J. and {Nolta}, M.~R. and {Bennett}, C.~L. and {Gold}, B. and {Hinshaw}, G. and {Jarosik}, N. and {Larson}, D. and {Limon}, M. and {Page}, L. and {Spergel}, D.~N. and {Halpern}, M. and {Hill}, R.~S. and {Kogut}, A. and {Meyer}, S.~S. and {Tucker}, G.~S. and {Weiland}, J.~L. and {Wollack}, E. and {Wright}, E.~L.},
    title = "{Five-Year Wilkinson Microwave Anisotropy Probe Observations: Cosmological Interpretation}",
  journal = {\apjs},
archivePrefix = "arXiv",
   eprint = {0803.0547},
 keywords = {cosmic microwave background, cosmology: observations, dark matter, early universe, instrumentation: detectors, space vehicles: instruments, telescopes },
     year = 2009,
    month = feb,
   volume = 180,
    pages = {330-376},
      doi = {10.1088/0067-0049/180/2/330},
   adsurl = {http://adsabs.harvard.edu/abs/2009ApJS..180..330K},
  adsnote = {Provided by the SAO/NASA Astrophysics Data System}
}

@ARTICLE{KoopmansEtal09,
   author = {{Koopmans}, L.~V.~E. and {Bolton}, A. and {Treu}, T. and {Czoske}, O. and {Auger}, M.~W. and {Barnab{\`e}}, M. and {Vegetti}, S. and {Gavazzi}, R. and {Moustakas}, L.~A. and {Burles}, S.},
    title = "{The Structure and Dynamics of Massive Early-Type Galaxies: On Homology, Isothermality, and Isotropy Inside One Effective Radius}",
  journal = {\apjl},
archivePrefix = "arXiv",
   eprint = {0906.1349},
 keywords = {galaxies: structure, gravitational lensing },
     year = 2009,
    month = sep,
   volume = 703,
    pages = {L51-L54},
      doi = {10.1088/0004-637X/703/1/L51},
   adsurl = {http://adsabs.harvard.edu/abs/2009ApJ...703L..51K},
  adsnote = {Provided by the SAO/NASA Astrophysics Data System}
}

@ARTICLE{KoopmansEtal06,
   author = {{Koopmans}, L.~V.~E. and {Treu}, T. and {Bolton}, A.~S. and
	{Burles}, S. and {Moustakas}, L.~A.},
    title = "{The Sloan Lens ACS Survey. III. The Structure and Formation of Early-Type Galaxies and Their Evolution since z \~{} 1}",
  journal = {\apj},
   eprint = {arXiv:astro-ph/0601628},
 keywords = {Galaxies: Elliptical and Lenticular, cD, Galaxies: Evolution, Galaxies: Formation, Galaxies: Structure, Cosmology: Gravitational Lensing},
     year = 2006,
    month = oct,
   volume = 649,
    pages = {599-615},
      doi = {10.1086/505696},
   adsurl = {http://adsabs.harvard.edu/abs/2006ApJ...649..599K},
  adsnote = {Provided by the SAO/NASA Astrophysics Data System}
}

@ARTICLE{Koopmans05,
   author = {{Koopmans}, L.~V.~E.},
    title = "{Gravitational imaging of cold dark matter substructures}",
  journal = {\mnras},
     year = 2005,
    month = nov,
   volume = 363,
    pages = {1136-1144},
      doi = {10.1111/j.1365-2966.2005.09523.x},
   adsurl = {http://adsabs.harvard.edu/cgi-bin/nph-bib_query?bibcode=2005MNRAS.363.1136K&db_key=AST},
  adsnote = {Provided by the Smithsonian/NASA Astrophysics Data System}
}

@ARTICLE{KoopmansEtal03,
   author = {{Koopmans}, L.~V.~E. and {Treu}, T. and {Fassnacht}, C.~D. and {Blandford}, R.~D. and {Surpi}, G.},
    title = "{The Hubble Constant from the Gravitational Lens B1608+656}",
  journal = {\apj},
   eprint = {astro-ph/0306216},
     year = 2003,
    month = dec,
   volume = 599,
    pages = {70-85},
      doi = {10.1086/379226},
   adsurl = {http://adsabs.harvard.edu/cgi-bin/nph-bib_query?bibcode=2003ApJ...5
99...70K&db_key=AST},
  adsnote = {Provided by the Smithsonian/NASA Astrophysics Data System}
}


@ARTICLE{KoopmansEtal03b,
   author = {{Koopmans}, L.~V.~E. and {Biggs}, A. and {Blandford}, R.~D. and
        {Browne}, I.~W.~A. and {Jackson}, N.~J. and {Mao}, S. and {Wilkinson}, P.~N. and
        {de Bruyn}, A.~G. and {Wambsganss}, J.},
    title = "{Extrinsic Radio Variability of JVAS/CLASS Gravitational Lenses}",
  journal = {\apj},
     year = 2003,
    month = oct,
   volume = 595,
    pages = {712-718},
      doi = {10.1086/377434},
   adsurl = {http://adsabs.harvard.edu/abs/2003ApJ...595..712K},
  adsnote = {Provided by the Smithsonian/NASA Astrophysics Data System}
}

@ARTICLE{KoopmansDeBruyn00,
   author = {{Koopmans}, L.~V.~E. and {de Bruyn}, A.~G.},
    title = "{Microlensing of multiply-imaged compact radio sources. Evidence for compact halo objects in the disk galaxy of B1600+434}",
  journal = {\aap},
     year = 2000,
    month = jun,
   volume = 358,
    pages = {793-811},
   adsurl = {http://adsabs.harvard.edu/abs/2000A%26A...358..793K},
  adsnote = {Provided by the Smithsonian/NASA Astrophysics Data System}
}

@ARTICLE{KoopmansFassnacht99,
   author = {{Koopmans}, L.~V.~E. and {Fassnacht}, C.~D.},
    title = "{A Determination of $H_{0}$ with the CLASS Gravitational Lens B1608+656. II. Mass Models and the Hubble Constant from Lensing}",
  journal = {\apj},
   eprint = {astro-ph/9907258},
     year = 1999,
    month = dec,
   volume = 527,
    pages = {513-524},
      doi = {10.1086/308120},
   adsurl = {http://adsabs.harvard.edu/cgi-bin/nph-bib_query?bibcode=1999ApJ...5
27..513K&db_key=AST},
  adsnote = {Provided by the Smithsonian/NASA Astrophysics Data System}
}

@ARTICLE{KoopmansTreu02,
   author = {{Koopmans}, L.~V.~E. and {Treu}, T.},
    title = "{The Stellar Velocity Dispersion of the Lens Galaxy in MG 2016+112 at z=1.004}",
  journal = {\apjl},
   eprint = {arXiv:astro-ph/0201017},
     year = 2002,
    month = mar,
   volume = 568,
    pages = {L5-L8},
      doi = {10.1086/340143},
   adsurl = {http://adsabs.harvard.edu/abs/2002ApJ...568L...5K},
  adsnote = {Provided by the Smithsonian/NASA Astrophysics Data System}
}


@ARTICLE{KormannEtal94,
   author = {{Kormann}, R. and {Schneider}, P. and {Bartelmann}, M.},
    title = "{Isothermal elliptical gravitational lens models}",
  journal = {\aap},
     year = 1994,
    month = apr,
   volume = 284,
    pages = {285-299},
   adsurl = {http://adsabs.harvard.edu/cgi-bin/nph-bib_query?bibcode=1994A%26A...284..285K&db_key=AST},
  adsnote = {Provided by the Smithsonian/NASA Astrophysics Data System}
}

@ARTICLE{KowalskiEtal08,
   author = {{Kowalski}, M. and {Rubin}, D. and {Aldering}, G. and {Agostinho}, R.~J. and {Amadon}, A. and {Amanullah}, R. and {Balland}, C. and {Barbary}, K. and {Blanc}, G. and {Challis}, P.~J. and {Conley}, A. and {Connolly}, N.~V. and {Covarrubias}, R. and {Dawson}, K.~S. and {Deustua}, S.~E. and {Ellis}, R. and {Fabbro}, S. and {Fadeyev}, V. and {Fan}, X. and {Farris}, B. and {Folatelli}, G. and {Frye}, B.~L. and {Garavini}, G. and {Gates}, E.~L. and {Germany}, L. and {Goldhaber}, G. and {Goldman}, B. and {Goobar}, A. and {Groom}, D.~E. and {Haissinski}, J. and {Hardin}, D. and {Hook}, I. and {Kent}, S. and {Kim}, A.~G. and {Knop}, R.~A. and {Lidman}, C. and {Linder}, E.~V. and {Mendez}, J. and {Meyers}, J. and {Miller}, G.~J. and {Moniez}, M. and {Mour{\~a}o}, A.~M. and {Newberg}, H. and {Nobili}, S. and {Nugent}, P.~E. and {Pain}, R. and {Perdereau}, O. and {Perlmutter}, S. and {Phillips}, M.~M. and {Prasad}, V. and {Quimby}, R. and {Regnault}, N. and {Rich}, J. and {Rubenstein}, E.~P. and {Ruiz-Lapuente}, P. and {Santos}, F.~D. and {Schaefer}, B.~E. and {Schommer}, R.~A. and {Smith}, R.~C. and {Soderberg}, A.~M. and {Spadafora}, A.~L. and {Strolger}, L.-G. and {Strovink}, M. and {Suntzeff}, N.~B. and {Suzuki}, N. and {Thomas}, R.~C. and {Walton}, N.~A. and {Wang}, L. and {Wood-Vasey}, W.~M. and {Yun}, J.~L.},
    title = "{Improved Cosmological Constraints from New, Old, and Combined Supernova Data Sets}",
  journal = {\apj},
archivePrefix = "arXiv",
   eprint = {0804.4142},
 keywords = {Cosmology: Cosmological Parameters, Cosmology: Observations, Stars: Supernovae: General},
     year = 2008,
    month = oct,
   volume = 686,
    pages = {749-778},
      doi = {10.1086/589937},
   adsurl = {http://adsabs.harvard.edu/abs/2008ApJ...686..749K},
  adsnote = {Provided by the SAO/NASA Astrophysics Data System}
}

@INPROCEEDINGS{KristHook97,
   author = {{Krist}, J.~E. and {Hook}, R.~N.},
    title = "{NICMOS PSF variations and tiny tim simulations}",
booktitle = {The 1997 HST Calibration Workshop with a New Generation of Instruments, p. 192},
     year = 1997,
   editor = {{Casertano}, S. and {Jedrzejewski}, R. and {Keyes}, T. and {Stevens}, M.
	},
    month = jan,
    pages = {192},
   adsurl = {http://adsabs.harvard.edu/abs/1997hstc.work..192K},
  adsnote = {Provided by the Smithsonian/NASA Astrophysics Data System}
}

@ARTICLE{KronawitterEtal00,
   author = {{Kronawitter}, A. and {Saglia}, R.~P. and {Gerhard}, O. and {Bender}, R.},
    title = "{Orbital structure and mass distribution in elliptical galaxies}",
  journal = {\aaps},
 keywords = {GALAXIES: ELLIPTICAL AND LENTICULAR, CD, GALAXIES: FUNDAMENTAL PARAMETERS, KINEMATICS AND DYNAMICS, PHOTOMETRY, STRUCTURE},
     year = 2000,
    month = may,
   volume = 144,
    pages = {53-84},
      doi = {10.1051/aas:2000199},
   adsurl = {http://adsabs.harvard.edu/abs/2000A%26AS..144...53K},
  adsnote = {Provided by the SAO/NASA Astrophysics Data System}
}



@ARTICLE{LewisBridle02,
   author = {{Lewis}, A. and {Bridle}, S.},
    title = "{Cosmological parameters from CMB and other data: A Monte Carlo approach}",
  journal = {\prd},
   eprint = {arXiv:astro-ph/0205436},
     year = 2002,
    month = nov,
   volume = 66,
   number = 10,
    pages = {103511-+},
   adsurl = {http://adsabs.harvard.edu/abs/2002PhRvD..66j3511L},
  adsnote = {Provided by the SAO/NASA Astrophysics Data System}
}


@ARTICLE{Lo05,
   author = {{Lo}, K.~Y.},
    title = "{Mega-Masers and Galaxies}",
  journal = {\araa},
     year = 2005,
    month = sep,
   volume = 43,
    pages = {625-676},
   adsurl = {http://adsabs.harvard.edu/abs/2005ARA%26A..43..625L},
  adsnote = {Provided by the Smithsonian/NASA Astrophysics Data System}
}


@ARTICLE{MacKay92,
   author = {{MacKay}, D.~J.~C.},
    title = "{Bayesian Interpolation}",
  journal = {Neural Computation},
     year = 1992,
    month = 3,
   volume = 4,
    pages = {415-447},
}

@ARTICLE{MacriEtal06,
   author = {{Macri}, L.~M. and {Stanek}, K.~Z. and {Bersier}, D. and {Greenhill}, L.~J. and
	{Reid}, M.~J.},
    title = "{A New Cepheid Distance to the Maser-Host Galaxy NGC 4258 and Its Implications for the Hubble Constant}",
  journal = {\apj},
   eprint = {arXiv:astro-ph/0608211},
     year = 2006,
    month = dec,
   volume = 652,
    pages = {1133-1149},
      doi = {10.1086/508530},
   adsurl = {http://adsabs.harvard.edu/abs/2006ApJ...652.1133M},
  adsnote = {Provided by the Smithsonian/NASA Astrophysics Data System}
}

@ARTICLE{MaoSchneider98,
   author = {{Mao}, S. and {Schneider}, P.},
    title = "{Evidence for substructure in lens galaxies?}",
  journal = {\mnras},
     year = 1998,
    month = apr,
   volume = 295,
    pages = {587},
   adsurl = {http://adsabs.harvard.edu/abs/1998MNRAS.295..587M},
  adsnote = {Provided by the Smithsonian/NASA Astrophysics Data System}
}

@ARTICLE{Marshall06,
   author = {{Marshall}, P.},
    title = "{Physical component analysis of galaxy cluster weak gravitational lensing data}",
  journal = {\mnras},
     year = 2006,
    month = nov,
   volume = 372,
    pages = {1289-1298},
      doi = {10.1111/j.1365-2966.2006.10935.x},
   adsurl = {http://adsabs.harvard.edu/abs/2006MNRAS.372.1289M},
  adsnote = {Provided by the Smithsonian/NASA Astrophysics Data System}
}

@ARTICLE{MarshallEtal02,
   author = {{Marshall}, P.~J. and {Hobson}, M.~P. and {Gull}, S.~F. and {Bridle}, S.~L.},
    title = "{Maximum-entropy weak lens reconstruction: improved methods and application to data}",
  journal = {\mnras},
     year = 2002,
    month = oct,
   volume = 335,
    pages = {1037-1048},
      doi = {10.1046/j.1365-8711.2002.05685.x},
   adsurl = {http://adsabs.harvard.edu/cgi-bin/nph-bib_query?bibcode=2002MNRAS.335.1037M&db_key=AST},
  adsnote = {Provided by the Smithsonian/NASA Astrophysics Data System}
}

@ARTICLE{McKeanEtal09,
   author = {{McKean}, J.~P. and {Auger}, M.~W. and {Koopmans}, L.~V.~E. and
	{Vegetti}, S. and {Czoske}, O. and {Fassnacht}, C.~D. and {Treu}, T. and {More}, A. and {Kocevski}, D.~D.},
    title = "{The mass distribution of a moderate redshift galaxy group and brightest group galaxy from gravitational lensing and kinematics}",
  journal = {ArXiv e-prints (0910.1133)},
archivePrefix = "arXiv",
   eprint = {arXiv:0910.1133},
 keywords = {Astrophysics - Cosmology and Extragalactic Astrophysics},
     year = 2009,
    month = oct,
   adsurl = {http://adsabs.harvard.edu/abs/2009arXiv0910.1133M},
  adsnote = {Provided by the SAO/NASA Astrophysics Data System}
}

@ARTICLE{MendezEtal93,
   author = {{Mendez}, R.~H. and {Kudritzki}, R.~P. and {Ciardullo}, R. and {Jacoby}, G.~H.},
    title = "{The bright end of the planetary nebula luminosity function}",
  journal = {\aap},
     year = 1993,
    month = aug,
   volume = 275,
    pages = {534},
   adsurl = {http://adsabs.harvard.edu/abs/1993A%26A...275..534M},
  adsnote = {Provided by the Smithsonian/NASA Astrophysics Data System}
}

@ARTICLE{Merritt85,
   author = {{Merritt}, D.},
    title = "{Spherical stellar systems with spheroidal velocity distributions}",
  journal = {\aj},
 keywords = {CELESTIAL MECHANICS, COMPUTATIONAL ASTROPHYSICS, ELLIPTICAL GALAXIES, RADIAL VELOCITY, STELLAR MOTIONS, STELLAR SYSTEMS, VELOCITY DISTRIBUTION, ALGORITHMS, ANISOTROPY, ASTRONOMICAL MODELS, DISTRIBUTION FUNCTIONS, ORBITAL MECHANICS, SPHERES},
     year = 1985,
    month = jun,
   volume = 90,
    pages = {1027-1037},
      doi = {10.1086/113810},
   adsurl = {http://adsabs.harvard.edu/abs/1985AJ.....90.1027M},
  adsnote = {Provided by the SAO/NASA Astrophysics Data System}
}

@ARTICLE{MerrittAguilar85,
   author = {{Merritt}, D. and {Aguilar}, L.~A.},
    title = "{A numerical study of the stability of spherical galaxies}",
  journal = {\mnras},
 keywords = {ASTRONOMICAL MODELS, ELLIPTICAL GALAXIES, GALACTIC STRUCTURE, MANY BODY PROBLEM, SYSTEMS STABILITY, ANISOTROPIC MEDIA, COMPUTATIONAL ASTROPHYSICS, GALACTIC EVOLUTION},
     year = 1985,
    month = dec,
   volume = 217,
    pages = {787-804},
   adsurl = {http://adsabs.harvard.edu/abs/1985MNRAS.217..787M},
  adsnote = {Provided by the SAO/NASA Astrophysics Data System}
}

@ARTICLE{MetcalfMadau01,
   author = {{Metcalf}, R.~B. and {Madau}, P.},
    title = "{Compound Gravitational Lensing as a Probe of Dark Matter Substructure within Galaxy Halos}",
  journal = {\apj},
     year = 2001,
    month = dec,
   volume = 563,
    pages = {9-20},
      doi = {10.1086/323695},
   adsurl = {http://adsabs.harvard.edu/abs/2001ApJ...563....9M},
  adsnote = {Provided by the Smithsonian/NASA Astrophysics Data System}
}


@INPROCEEDINGS{Minkowski62,
   author = {{Minkowski}, R.},
    title = "{Internal Dispersion of Velocities in Other Galaxies}",
booktitle = {Problems of Extra-Galactic Research},
     year = 1962,
   series = {IAU Symposium},
   volume = 15,
   editor = {{McVittie}, G.~C.},
    pages = {112},
   adsurl = {http://adsabs.harvard.edu/abs/1962IAUS...15..112M},
  adsnote = {Provided by the Smithsonian/NASA Astrophysics Data System}
}

@ARTICLE{MomchevaEtal06,
   author = {{Momcheva}, I. and {Williams}, K. and {Keeton}, C. and {Zabludoff}, A.},
    title = "{A Spectroscopic Study of the Environments of Gravitational Lens Galaxies}",
  journal = {\apj},
   eprint = {arXiv:astro-ph/0511594},
     year = 2006,
    month = apr,
   volume = 641,
    pages = {169-189},
      doi = {10.1086/500382},
   adsurl = {http://adsabs.harvard.edu/abs/2006ApJ...641..169M},
  adsnote = {Provided by the Smithsonian/NASA Astrophysics Data System}
}


@ARTICLE{MorganEtal06,
   author = {{Morgan}, C.~W. and {Kochanek}, C.~S. and {Morgan}, N.~D. and
	{Falco}, E.~E.},
    title = "{Microlensing of the Lensed Quasar SDSS 0924+0219}",
  journal = {\apj},
   eprint = {arXiv:astro-ph/0601523},
     year = 2006,
    month = aug,
   volume = 647,
    pages = {874-885},
      doi = {10.1086/505569},
   adsurl = {http://adsabs.harvard.edu/abs/2006ApJ...647..874M},
  adsnote = {Provided by the Smithsonian/NASA Astrophysics Data System}
}

@ARTICLE{MyersEtal03,
   author = {{Myers}, S.~T. and {Jackson}, N.~J. and {Browne}, I.~W.~A. and {de Bruyn}, A.~G. and {Pearson}, T.~J. and {Readhead}, A.~C.~S. and {Wilkinson}, P.~N. and {Biggs}, A.~D. and {Blandford}, R.~D. and {Fassnacht}, C.~D. and {Koopmans}, L.~V.~E. and {Marlow}, D.~R. and {McKean}, J.~P. and {Norbury}, M.~A. and {Phillips}, P.~M. and {Rusin}, D. and {Shepherd}, M.~C. and {Sykes}, C.~M.},
    title = "{The Cosmic Lens All-Sky Survey - I. Source selection and observations}",
  journal = {\mnras},
   eprint = {arXiv:astro-ph/0211073},
 keywords = {gravitational lensing, cosmology: observations},
     year = 2003,
    month = may,
   volume = 341,
    pages = {1-12},
      doi = {10.1046/j.1365-8711.2003.06256.x},
   adsurl = {http://adsabs.harvard.edu/abs/2003MNRAS.341....1M},
  adsnote = {Provided by the SAO/NASA Astrophysics Data System}
}

@ARTICLE{MyersEtal95,
   author = {{Myers}, S.~T. and {Fassnacht}, C.~D. and {Djorgovski}, S.~G. and {Blandford}, R.~D. and {Matthews}, K. and {Neugebauer}, G. and {Pearson}, T.~J. and {Readhead}, A.~C.~S. and {Smith}, J.~D. and {Thompson}, D.~J. and {Womble}, D.~S. and {Browne}, I.~W.~A. and {Wilkinson}, P.~N. and {Nair}, S. and {Jackson}, N. and {Snellen}, I.~A.~G. and {Miley}, G.~K. and {de Bruyn}, A.~G. and {Schilizzi}, R.~T.},
    title = "{1608+656: A Quadruple-Lens System Found in the CLASS Gravitational Lens Survey}",
  journal = {\apjl},
     year = 1995,
    month = jul,
   volume = 447,
    pages = {L5},
      doi = {10.1086/309556},
   adsurl = {http://adsabs.harvard.edu/abs/1995ApJ...447L...5M},
  adsnote = {Provided by the Smithsonian/NASA Astrophysics Data System}
}

@ARTICLE{NakajimaEtal09,
   author = {{Nakajima}, R. and {Bernstein}, G.~M. and {Fadely}, R. and {Keeton}, C.~R. and {Schrabback}, T.},
    title = "{Improved Constraints on the Gravitational Lens Q0957+561. I. Weak Lensing}",
  journal = {\apj},
archivePrefix = "arXiv",
   eprint = {0903.4182},
 keywords = {galaxies: clusters: individual: Q0957+561, galaxies: halos, gravitational lensing },
     year = 2009,
    month = jun,
   volume = 697,
    pages = {1793-1804},
      doi = {10.1088/0004-637X/697/2/1793},
   adsurl = {http://adsabs.harvard.edu/abs/2009ApJ...697.1793N},
  adsnote = {Provided by the SAO/NASA Astrophysics Data System}
}


@ARTICLE{Oguri07,
   author = {{Oguri}, M.},
    title = "{Gravitational Lens Time Delays: A Statistical Assessment of Lens Model Dependences and Implications for the Global Hubble Constant}",
  journal = {\apj},
   eprint = {arXiv:astro-ph/0609694},
     year = 2007,
    month = may,
   volume = 660,
    pages = {1-15},
      doi = {10.1086/513093},
   adsurl = {http://adsabs.harvard.edu/abs/2007ApJ...660....1O},
  adsnote = {Provided by the Smithsonian/NASA Astrophysics Data System}
}

@ARTICLE{OkeEtal95,
   author = {{Oke}, J.~B. and {Cohen}, J.~G. and {Carr}, M. and {Cromer}, J. and {Dingizian}, A. and {Harris}, F.~H. and {Labrecque}, S. and {Lucinio}, R. and {Schaal}, W. and {Epps}, H. and {Miller}, J.},
    title = "{The Keck Low-Resolution Imaging Spectrometer}",
  journal = {\pasp},
     year = 1995,
    month = apr,
   volume = 107,
    pages = {375},
   adsurl = {http://adsabs.harvard.edu/abs/1995PASP..107..375O},
  adsnote = {Provided by the Smithsonian/NASA Astrophysics Data System}
}

@ARTICLE{Osipkov79,
   author = {{Osipkov}, L.~P.},
    title = "{Spherical systems of gravitating bodies with an ellipsoidal velocity distribution}",
  journal = {Pis ma Astronomicheskii Zhurnal},
 keywords = {CELESTIAL MECHANICS, GALACTIC CLUSTERS, GRAVITATIONAL EFFECTS, STAR CLUSTERS, VELOCITY DISTRIBUTION, ASTRONOMICAL MODELS, INTEGRAL EQUATIONS, ISOTROPIC MEDIA, SPHERES},
     year = 1979,
    month = feb,
   volume = 5,
    pages = {77-80},
   adsurl = {http://adsabs.harvard.edu/abs/1979PAZh....5...77O},
  adsnote = {Provided by the SAO/NASA Astrophysics Data System}
}

@ARTICLE{ParaficzEtal09,
   author = {{Paraficz}, D. and {Hjorth}, J. and {El{\'{\i}}asd{\'o}ttir}, {\'A}.},
    title = "{Results of optical monitoring of 5 SDSS double QSOs with the Nordic Optical Telescope}",
  journal = {\aap},
archivePrefix = "arXiv",
   eprint = {0903.1027},
 keywords = {gravitational lensing, cosmological parameters, quasars: general},
     year = 2009,
    month = may,
   volume = 499,
    pages = {395-408},
      doi = {10.1051/0004-6361/200811387},
   adsurl = {http://adsabs.harvard.edu/abs/2009A%26A...499..395P},
  adsnote = {Provided by the SAO/NASA Astrophysics Data System}
}


@ARTICLE{Pei92,
   author = {{Pei}, Y.~C.},
    title = "{Interstellar dust from the Milky Way to the Magellanic Clouds}",
  journal = {\apj},
     year = 1992,
    month = aug,
   volume = 395,
    pages = {130-139},
      doi = {10.1086/171637},
   adsurl = {http://adsabs.harvard.edu/abs/1992ApJ...395..130P},
  adsnote = {Provided by the Smithsonian/NASA Astrophysics Data System}
}

@ARTICLE{PengEtal02,
   author = {{Peng}, C.~Y. and {Ho}, L.~C. and {Impey}, C.~D. and {Rix}, H.-W.},
    title = "{Detailed Structural Decomposition of Galaxy Images}",
  journal = {\aj},
   eprint = {arXiv:astro-ph/0204182},
     year = 2002,
    month = jul,
   volume = 124,
    pages = {266-293},
      doi = {10.1086/340952},
   adsurl = {http://adsabs.harvard.edu/abs/2002AJ....124..266P},
  adsnote = {Provided by the Smithsonian/NASA Astrophysics Data System}
}

@ARTICLE{PercivalEtal07,
   author = {{Percival}, W.~J. and {Cole}, S. and {Eisenstein}, D.~J. and {Nichol}, R.~C. and {Peacock}, J.~A. and {Pope}, A.~C. and {Szalay}, A.~S.},
    title = "{Measuring the Baryon Acoustic Oscillation scale using the Sloan Digital Sky Survey and 2dF Galaxy Redshift Survey}",
  journal = {\mnras},
archivePrefix = "arXiv",
   eprint = {0705.3323},
 keywords = {cosmology: observations , distance scale , large-scale structure of Universe},
     year = 2007,
    month = nov,
   volume = 381,
    pages = {1053-1066},
      doi = {10.1111/j.1365-2966.2007.12268.x},
   adsurl = {http://adsabs.harvard.edu/abs/2007MNRAS.381.1053P},
  adsnote = {Provided by the SAO/NASA Astrophysics Data System}
}

@ARTICLE{PerlmutterEtal99,
   author = {{Perlmutter}, S. and {Aldering}, G. and {Goldhaber}, G. and {Knop}, R.~A. and {Nugent}, P. and {Castro}, P.~G. and {Deustua}, S. and {Fabbro}, S. and {Goobar}, A. and {Groom}, D.~E. and {Hook}, I.~M. and {Kim}, A.~G. and {Kim}, M.~Y. and {Lee}, J.~C. and {Nunes}, N.~J. and {Pain}, R. and {Pennypacker}, C.~R. and {Quimby}, R. and {Lidman}, C. and {Ellis}, R.~S. and {Irwin}, M. and {McMahon}, R.~G. and {Ruiz-Lapuente}, P. and {Walton}, N. and {Schaefer}, B. and {Boyle}, B.~J. and {Filippenko}, A.~V. and {Matheson}, T. and {Fruchter}, A.~S. and {Panagia}, N. and {Newberg}, H.~J.~M. and {Couch}, W.~J. and {The Supernova Cosmology Project}},
    title = "{Measurements of Omega and Lambda from 42 High-Redshift Supernovae}",
  journal = {\apj},
   eprint = {arXiv:astro-ph/9812133},
 keywords = {COSMOLOGY: OBSERVATIONS, COSMOLOGY: DISTANCE SCALE, STARS: SUPERNOVAE: GENERAL},
     year = 1999,
    month = jun,
   volume = 517,
    pages = {565-586},
      doi = {10.1086/307221},
   adsurl = {http://adsabs.harvard.edu/abs/1999ApJ...517..565P},
  adsnote = {Provided by the SAO/NASA Astrophysics Data System}
}

@INCOLLECTION{Peterson06,
  author    ={{Peterson}, B.},
  title     = "{The Broad-Line Region in Active Galactic Nuclei}",
  booktitle = "{Physics of Active Galactic Nuclei at All Scales}",
  publisher ={Springer Lectures Notes in Physics Series},
  editor    ={{Alloin}, D. and {Johnson}, R. and {Lira}, P.},
  year      =2006,
  volume    =693,
  pages     ={77}
}

@Book{PressEtal92,
   author = {{Press}, W.~H. and {Flannery}, B.~P. and {Teukolsky}, S.~A. and {Vetterling}, W.~T},
   title ={{Numerical Recipes in Fortran 77}},
   publisher ={Cambridge: Cambridge Univ. Press},
   year      =1992
}


@ARTICLE{Refsdal64,
   author = {{Refsdal}, S.},
    title = "{On the possibility of determining Hubble's parameter and the masses of galaxies from the gravitational lens effect}",
  journal = {\mnras},
     year = 1964,
   volume = 128,
    pages = {307},
   adsurl = {http://adsabs.harvard.edu/cgi-bin/nph-bib_query?bibcode=1964MNRAS.128..307R&db_key=AST},
  adsnote = {Provided by the Smithsonian/NASA Astrophysics Data System}
}


@ARTICLE{RhodesEtal07,
   author = {{Rhodes}, J.~D. and {Massey}, R.~J. and {Albert}, J. and {Collins}, N. and {Ellis}, R.~S. and {Heymans}, C. and {Gardner}, J.~P. and {Kneib}, J.-P. and {Koekemoer}, A. and {Leauthaud}, A. and {Mellier}, Y. and {Refregier}, A. and {Taylor}, J.~E. and {Van Waerbeke}, L.},
    title = "{The Stability of the Point-Spread Function of the Advanced Camera for Surveys on the Hubble Space Telescope and Implications for Weak Gravitational Lensing}",
  journal = {\apjs},
   eprint = {arXiv:astro-ph/0702140},
     year = 2007,
    month = sep,
   volume = 172,
    pages = {203-218},
      doi = {10.1086/516592},
   adsurl = {http://adsabs.harvard.edu/abs/2007ApJS..172..203R},
  adsnote = {Provided by the Smithsonian/NASA Astrophysics Data System}
}

@ARTICLE{RiessEtal98,
   author = {{Riess}, A.~G. and {Filippenko}, A.~V. and {Challis}, P. and {Clocchiatti}, A. and {Diercks}, A. and {Garnavich}, P.~M. and {Gilliland}, R.~L. and {Hogan}, C.~J. and {Jha}, S. and {Kirshner}, R.~P. and {Leibundgut}, B. and {Phillips}, M.~M. and {Reiss}, D. and {Schmidt}, B.~P. and {Schommer}, R.~A. and {Smith}, R.~C. and {Spyromilio}, J. and {Stubbs}, C. and {Suntzeff}, N.~B. and {Tonry}, J.},
    title = "{Observational Evidence from Supernovae for an Accelerating Universe and a Cosmological Constant}",
  journal = {\aj},
   eprint = {arXiv:astro-ph/9805201},
 keywords = {COSMOLOGY: OBSERVATIONS, STARS: SUPERNOVAE: GENERAL},
     year = 1998,
    month = sep,
   volume = 116,
    pages = {1009-1038},
      doi = {10.1086/300499},
   adsurl = {http://adsabs.harvard.edu/abs/1998AJ....116.1009R},
  adsnote = {Provided by the SAO/NASA Astrophysics Data System}
}

@ARTICLE{RiessEtal05,
   author = {{Riess}, A.~G. and {Li}, W. and {Stetson}, P.~B. and {Filippenko}, A.~V. and {Jha}, S. and {Kirshner}, R.~P. and {Challis}, P.~M. and {Garnavich}, P.~M. and {Chornock}, R.},
    title = "{Cepheid Calibrations from the Hubble Space Telescope of the Luminosity of Two Recent Type Ia Supernovae and a Redetermination of the Hubble Constant}",
  journal = {\apj},
   eprint = {arXiv:astro-ph/0503159},
     year = 2005,
    month = jul,
   volume = 627,
    pages = {579-607},
      doi = {10.1086/430497},
   adsurl = {http://adsabs.harvard.edu/abs/2005ApJ...627..579R},
  adsnote = {Provided by the Smithsonian/NASA Astrophysics Data System}
}

@ARTICLE{RiessEtal09,
   author = {{Riess}, A.~G. and {Macri}, L. and {Casertano}, S. and {Sosey}, M. and {Lampeitl}, H. and {Ferguson}, H.~C. and {Filippenko}, A.~V. and {Jha}, S.~W. and {Li}, W. and {Chornock}, R. and {Sarkar}, D.},
    title = "{A Redetermination of the Hubble Constant with the Hubble Space Telescope from a Differential Distance Ladder}",
  journal = {\apj},
archivePrefix = "arXiv",
   eprint = {0905.0695},
 keywords = {cosmology: observations, distance scale, galaxies: distances and redshifts, supernovae: general },
     year = 2009,
    month = jul,
   volume = 699,
    pages = {539-563},
      doi = {10.1088/0004-637X/699/1/539},
   adsurl = {http://adsabs.harvard.edu/abs/2009ApJ...699..539R},
  adsnote = {Provided by the SAO/NASA Astrophysics Data System}
}




@ARTICLE{SahaEtal06,
   author = {{Saha}, P. and {Coles}, J. and {Macci{\`o}}, A.~V. and {Williams}, L.~L.~R.},
    title = "{The Hubble Time Inferred from 10 Time Delay Lenses}",
  journal = {\apjl},
   eprint = {astro-ph/0607240},
     year = 2006,
    month = oct,
   volume = 650,
    pages = {L17-L20},
      doi = {10.1086/507583},
   adsurl = {http://adsabs.harvard.edu/cgi-bin/nph-bib_query?bibcode=2006ApJ...6
50L..17S&db_key=AST},
  adsnote = {Provided by the Smithsonian/NASA Astrophysics Data System}
}

@ARTICLE{SakaiEtal04,
   author = {{Sakai}, S. and {Ferrarese}, L. and {Kennicutt}, Jr., R.~C. and
        {Saha}, A.},
    title = "{The Effect of Metallicity on Cepheid-based Distances}",
  journal = {\apj},
   eprint = {arXiv:astro-ph/0402499},
     year = 2004,
    month = jun,
   volume = 608,
    pages = {42-61},
      doi = {10.1086/386540},
   adsurl = {http://adsabs.harvard.edu/abs/2004ApJ...608...42S},
  adsnote = {Provided by the Smithsonian/NASA Astrophysics Data System}
}


@ARTICLE{Sambhus06,
   author = {{Sambhus}, N. and {Gerhard}, O. and {M{\'e}ndez}, R.~H.},
    title = "{Kinematic Evidence for Different Planetary Nebula Populations in the Elliptical Galaxy NGC 4697}",
  journal = {\aj},
     year = 2006,
    month = feb,
   volume = 131,
    pages = {837-848},
      doi = {10.1086/499074},
   adsurl = {http://adsabs.harvard.edu/abs/2006AJ....131..837S},
  adsnote = {Provided by the Smithsonian/NASA Astrophysics Data System}
}

@ARTICLE{SandageEtal06,
   author = {{Sandage}, A. and {Tammann}, G.~A. and {Saha}, A. and {Reindl}, B. and {Macchetto}, F.~D. and {Panagia}, N.},
    title = "{The Hubble Constant: A Summary of the Hubble Space Telescope Program for the Luminosity Calibration of Type Ia Supernovae by Means of Cepheids}",
  journal = {\apj},
   eprint = {arXiv:astro-ph/0603647},
     year = 2006,
    month = dec,
   volume = 653,
    pages = {843-860},
      doi = {10.1086/508853},
   adsurl = {http://adsabs.harvard.edu/abs/2006ApJ...653..843S},
  adsnote = {Provided by the Smithsonian/NASA Astrophysics Data System}
}

@ARTICLE{SandageEtal04,
   author = {{Sandage}, A. and {Tammann}, G.~A. and {Reindl}, B.},
    title = "{New period-luminosity and period-color relations of classical Cepheids. II. Cepheids in LMC}",
  journal = {\aap},
   eprint = {arXiv:astro-ph/0402424},
     year = 2004,
    month = sep,
   volume = 424,
    pages = {43-71},
      doi = {10.1051/0004-6361:20040222},
   adsurl = {http://adsabs.harvard.edu/abs/2004A%26A...424...43S},
  adsnote = {Provided by the Smithsonian/NASA Astrophysics Data System}
}


@ARTICLE{Sandage99,
   author = {{Sandage}, A.},
    title = "{Bias Properties of Extragalactic Distance Indicators. VIII. $H_{0}$ from Distance-limited Luminosity Class and Morphological Type-Specific Luminosity Functions for SB, SBC, and SC Galaxies Calibrated Using Cepheids}",
  journal = {\apj},
     year = 1999,
    month = dec,
   volume = 527,
    pages = {479-487},
      doi = {10.1086/308123},
   adsurl = {http://adsabs.harvard.edu/abs/1999ApJ...527..479S},
  adsnote = {Provided by the Smithsonian/NASA Astrophysics Data System}
}

@ARTICLE{SandageHardy73,
   author = {{Sandage}, A. and {Hardy}, E.},
    title = "{The Redshift-Distance Relation. VIL Absolute Magnitudes of the First Three Ranked Cluster Galaxies as Functions of Cluster Richness and Bautz-Morgan Cluster Type: the Effect of $q_0$}",
  journal = {\apj},
     year = 1973,
    month = aug,
   volume = 183,
    pages = {743-758},
   adsurl = {http://adsabs.harvard.edu/abs/1973ApJ...183..743S},
  adsnote = {Provided by the Smithsonian/NASA Astrophysics Data System}
}

@ARTICLE{Sandage62,
   author = {{Sandage}, A.},
    title = "{The Distance Scale}",
booktitle = {Problems of Extra-Galactic Research},
     year = 1962,
   series = {IAU Symposium},
   volume = 15,
   editor = {{McVittie}, G.~C.},
    pages = {359},
   adsurl = {http://adsabs.harvard.edu/abs/1962IAUS...15..359S},
  adsnote = {Provided by the Smithsonian/NASA Astrophysics Data System}
}

@ARTICLE{SandageTammann06,
   author = {{Sandage}, A. and {Tammann}, G.~A.},
    title = "{Absolute Magnitude Calibrations of Population I and II Cepheids and Other Pulsating Variables in the Instability Strip of the Hertzsprung-Russell Diagram}",
  journal = {\araa},
     year = 2006,
    month = sep,
   volume = 44,
    pages = {93-140},
      doi = {10.1146/annurev.astro.43.072103.150612PDF: http://arjournals.annualreviews.org/doi/pdf/10.1146/annurev.astro.43.072103.150612},
   adsurl = {http://adsabs.harvard.edu/abs/2006ARA%26A..44...93S},
  adsnote = {Provided by the Smithsonian/NASA Astrophysics Data System}
}

@ARTICLE{SandageTammann75,
   author = {{Sandage}, A. and {Tammann}, G.~A.},
    title = "{Steps toward the Hubble constant. VI - The Hubble constant determined from redshifts and magnitudes of remote SC I galaxies: The value of Q sub 0}",
  journal = {\apj},
     year = 1975,
    month = apr,
   volume = 197,
    pages = {265-280},
   adsurl = {http://adsabs.harvard.edu/abs/1975ApJ...197..265S},
  adsnote = {Provided by the Smithsonian/NASA Astrophysics Data System}
}

@ARTICLE{SchechterWambsganss02,
   author = {{Schechter}, P.~L. and {Wambsganss}, J.},
    title = "{Quasar Microlensing at High Magnification and the Role of Dark Matter: Enhanced Fluctuations and Suppressed Saddle Points}",
  journal = {\apj},
     year = 2002,
    month = dec,
   volume = 580,
    pages = {685-695},
      doi = {10.1086/343856},
   adsurl = {http://adsabs.harvard.edu/abs/2002ApJ...580..685S},
  adsnote = {Provided by the Smithsonian/NASA Astrophysics Data System}
}

@ARTICLE{SchmidtEtal94,
   author = {{Schmidt}, B.~P. and {Kirshner}, R.~P. and {Eastman}, R.~G. and
	{Phillips}, M.~M. and {Suntzeff}, N.~B. and {Hamuy}, M. and
	{Maza}, J. and {Aviles}, R.},
    title = "{The distances to five Type II supernovae using the expanding photosphere method, and the value of H_{0}}",
  journal = {\apj},
 keywords = {COSMOLOGY, DISTANCE, GALAXIES, HUBBLE CONSTANT, PHOTOSPHERE, SUPERNOVAE, GALACTIC EVOLUTION, RADIAL VELOCITY, RED SHIFT, STELLAR EVOLUTION},
     year = 1994,
    month = sep,
   volume = 432,
    pages = {42-48},
      doi = {10.1086/174546},
   adsurl = {http://adsabs.harvard.edu/abs/1994ApJ...432...42S},
  adsnote = {Provided by the SAO/NASA Astrophysics Data System}
}


@ARTICLE{SchmidtEtal04,
   author = {{Schmidt}, R.~W. and {Allen}, S.~W. and {Fabian}, A.~C.},
    title = "{An improved approach to measuring $H_{0}$ using X-ray and SZ observations of galaxy clusters}",
  journal = {\mnras},
   eprint = {arXiv:astro-ph/0405374},
     year = 2004,
    month = aug,
   volume = 352,
    pages = {1413-1420},
      doi = {10.1111/j.1365-2966.2004.08032.x},
   adsurl = {http://adsabs.harvard.edu/abs/2004MNRAS.352.1413S},
  adsnote = {Provided by the Smithsonian/NASA Astrophysics Data System}
}

@ARTICLE{Schneider97,
   author = {{Schneider}, P.},
    title = "{The cosmological lens equation and the equivalent single-plane gravitational lens}",
  journal = {\mnras},
   eprint = {arXiv:astro-ph/9706185},
 keywords = {GRAVITATIONAL LENSES, DARK MATTER, MASS DISTRIBUTION, HUBBLE CONSTANT, COMPUTATIONAL ASTROPHYSICS, POISSON EQUATION, EQUIVALENCE, TIME LAG, TRANSFORMATIONS (MATHEMATICS), COSMOLOGY},
     year = 1997,
    month = dec,
   volume = 292,
    pages = {673},
   adsurl = {http://adsabs.harvard.edu/abs/1997MNRAS.292..673S},
  adsnote = {Provided by the SAO/NASA Astrophysics Data System}
}


@BOOK{SchneiderEtal06,
   author = {{Schneider}, P. and {Kochanek}, C.~S. and {Wambsganss}, J.},
    title = "{Gravitational Lensing: Strong, Weak and Micro (Springer)}",
 keywords = {Physics, Astronomy, Astrophysics and Cosmology, Astrophysics, Relativity and Cosmology, Astronomy},
booktitle = {Gravitational Lensing: Strong, Weak and Micro: , Saas-Fee Advanced Courses, Volume 33.~ISBN 978-3-540-30309-1.~Springer-Verlag Berlin Heidelberg, 2006},
     year = 2006,
      doi = {10.1007/978-3-540-30310-7},
   adsurl = {http://adsabs.harvard.edu/abs/2006glsw.book.....S},
  adsnote = {Provided by the SAO/NASA Astrophysics Data System}
}

@ARTICLE{Sersic60,
   author = {{S{\'e}rsic}, J.~L.},
    title = "{The H II Regions in Galaxies. With 2 Figures in the text}",
  journal = {Zeitschrift fur Astrophysik},
     year = 1960,
   volume = 50,
    pages = {168},
   adsurl = {http://adsabs.harvard.edu/abs/1960ZA.....50..168S},
  adsnote = {Provided by the Smithsonian/NASA Astrophysics Data System}
}

@BOOK{Sersic68,
   author = {{S{\'e}rsic}, J.~L.},
    title = "{Atlas de galaxias australes}",
publisher = {Cordoba, Argentina: Observatorio Astronomico, 1968},
     year = 1968,
   adsurl = {http://adsabs.harvard.edu/abs/1968adga.book.....S},
  adsnote = {Provided by the Smithsonian/NASA Astrophysics Data System}
}

@ARTICLE{SheinisEtal02,
   author = {{Sheinis}, A.~I. and {Bolte}, M. and {Epps}, H.~W. and {Kibrick}, R.~I. and {Miller}, J.~S. and {Radovan}, M.~V. and {Bigelow}, B.~C. and {Sutin}, B.~M.},
    title = "{ESI, a New Keck Observatory Echellette Spectrograph and Imager}",
  journal = {\pasp},
   eprint = {arXiv:astro-ph/0204297},
     year = 2002,
    month = aug,
   volume = 114,
    pages = {851-865},
   adsurl = {http://adsabs.harvard.edu/abs/2002PASP..114..851S},
  adsnote = {Provided by the Smithsonian/NASA Astrophysics Data System}
}


@Book{Skilling89,
  author  ={Skilling, J.},
  title ={{Maximum Entropy and Bayesian Methods}},
  publisher ={Dordrecht: Kluwer},
  editor    ={J. Skilling},
  pages     ={45},
  year      =1989
}

@ARTICLE{SmailEtal07,
   author = {{Smail}, I. and {Swinbank}, A.~M. and {Richard}, J. and {Ebeling}, H. and {Kneib}, J.-P. and {Edge}, A.~C. and {Stark}, D. and {Ellis}, R.~S. and {Dye}, S. and {Smith}, G.~P. and {Mullis}, C.},
    title = "{A Very Bright, Highly Magnified Lyman Break Galaxy at z = 3.07}",
  journal = {\apjl},
   eprint = {arXiv:astro-ph/0611486},
     year = 2007,
    month = jan,
   volume = 654,
    pages = {L33-L36},
      doi = {10.1086/510902},
   adsurl = {http://adsabs.harvard.edu/abs/2007ApJ...654L..33S},
  adsnote = {Provided by the Smithsonian/NASA Astrophysics Data System}
}

@ARTICLE{SnellenEtal95,
   author = {{Snellen}, I.~A.~G. and {de Bruyn}, A.~G. and {Schilizzi}, R.~T. and {Miley}, G.~K. and {Myers}, S.~T.},
    title = "{Radio Observations of the Quadruple Lens 1608+656}",
  journal = {\apjl},
     year = 1995,
    month = jul,
   volume = 447,
    pages = {L9},
      doi = {10.1086/309557},
   adsurl = {http://adsabs.harvard.edu/abs/1995ApJ...447L...9S},
  adsnote = {Provided by the Smithsonian/NASA Astrophysics Data System}
}


@ARTICLE{SpergelEtal07,
   author = {{Spergel}, D.~N. and {Bean}, R. and {Dor{\'e}}, O. and {Nolta}, M.~R. and {Bennett}, C.~L. and {Dunkley}, J. and {Hinshaw}, G. and {Jarosik}, N. and {Komatsu}, E. and {Page}, L. and {Peiris}, H.~V. and {Verde}, L. and {Halpern}, M. and {Hill}, R.~S. and {Kogut}, A. and {Limon}, M. and {Meyer}, S.~S. and {Odegard}, N. and {Tucker}, G.~S. and {Weiland}, J.~L. and {Wollack}, E. and {Wright}, E.~L.},
    title = "{Three-Year Wilkinson Microwave Anisotropy Probe (WMAP) Observations: Implications for Cosmology}",
  journal = {\apjs},
   eprint = {arXiv:astro-ph/0603449},
 keywords = {Cosmology: Cosmic Microwave Background, Cosmology: Observations},
     year = 2007,
    month = jun,
   volume = 170,
    pages = {377-408},
      doi = {10.1086/513700},
   adsurl = {http://adsabs.harvard.edu/abs/2007ApJS..170..377S},
  adsnote = {Provided by the SAO/NASA Astrophysics Data System}
}


@ARTICLE{SpringelEtal05,
   author = {{Springel}, V. and {White}, S.~D.~M. and {Jenkins}, A. and {Frenk}, C.~S. and {Yoshida}, N. and {Gao}, L. and {Navarro}, J. and {Thacker}, R. and {Croton}, D. and {Helly}, J. and {Peacock}, J.~A. and {Cole}, S. and {Thomas}, P. and {Couchman}, H. and {Evrard}, A. and {Colberg}, J. and {Pearce}, F.},
    title = "{Simulations of the formation, evolution and clustering of galaxies and quasars}",
  journal = {\nat},
   eprint = {arXiv:astro-ph/0504097},
     year = 2005,
    month = jun,
   volume = 435,
    pages = {629-636},
      doi = {10.1038/nature03597},
   adsurl = {http://adsabs.harvard.edu/abs/2005Natur.435..629S},
  adsnote = {Provided by the SAO/NASA Astrophysics Data System}
}

@ARTICLE{StiavelliSparke91,
   author = {{Stiavelli}, M. and {Sparke}, L.~S.},
    title = "{Influence of a dark halo on the stability of elliptical galaxies}",
  journal = {\apj},
 keywords = {DARK MATTER, ELLIPTICAL GALAXIES, GALACTIC STRUCTURE, HALOS, ASTRONOMICAL MODELS, COMPUTATIONAL ASTROPHYSICS, LUMINOSITY},
     year = 1991,
    month = dec,
   volume = 382,
    pages = {466-474},
      doi = {10.1086/170733},
   adsurl = {http://adsabs.harvard.edu/abs/1991ApJ...382..466S},
  adsnote = {Provided by the SAO/NASA Astrophysics Data System}
}

@ARTICLE{SunyaevZeldovich80,
   author = {{Sunyaev}, R.~A. and {Zel'dovich}, I.~B.},
    title = "{Microwave background radiation as a probe of the contemporary structure and history of the universe}",
  journal = {\araa},
 keywords = {BACKGROUND RADIATION, COSMOLOGY, MICROWAVES, RELIC RADIATION, UNIVERSE, BIG BANG COSMOLOGY, COMPTON EFFECT, COSMIC GASES, ENERGY TRANSFER, GALACTIC CLUSTERS, INTERGALACTIC MEDIA, MICROWAVE SPECTRA},
     year = 1980,
   volume = 18,
    pages = {537-560},
      doi = {10.1146/annurev.aa.18.090180.002541},
   adsurl = {http://adsabs.harvard.edu/abs/1980ARA%26A..18..537S},
  adsnote = {Provided by the SAO/NASA Astrophysics Data System}
}


@ARTICLE{SurpiBlandford03,
   author = {{Surpi}, G. and {Blandford}, R.~D.},
    title = "{The Gravitational Lens B1608+656. I. V-, I-, and H-Band Hubble Space Telescope Imaging}",
  journal = {\apj},
     year = 2003,
    month = feb,
   volume = 584,
    pages = {100-109},
      doi = {10.1086/345592},
   adsurl = {http://adsabs.harvard.edu/abs/2003ApJ...584..100S},
  adsnote = {Provided by the Smithsonian/NASA Astrophysics Data System}
}


@ARTICLE{SuyuBlandford06,
   author = {{Suyu}, S.~H. and {Blandford}, R.~D.},
    title = "{The anatomy of a quadruply imaged gravitational lens system}",
  journal = {\mnras},
     year = 2006,
    month = feb,
   volume = 366,
    pages = {39-48},
      doi = {10.1111/j.1365-2966.2005.09854.x},
   adsurl = {http://adsabs.harvard.edu/cgi-bin/nph-bib_query?bibcode=2006MNRAS.366...39S&db_key=AST},
  adsnote = {Provided by the Smithsonian/NASA Astrophysics Data System}
}

@ARTICLE{SuyuEtal06,
   author = {{Suyu}, S.~H. and {Marshall}, P.~J. and {Hobson}, M.~P. and {Blandford}, R.~D.},
    title = "{A Bayesian analysis of regularized source inversions in gravitational lensing}",
  journal = {\mnras},
   eprint = {astro-ph/0601493},
     year = 2006,
    month = sep,
   volume = 371,
    pages = {983-998},
      doi = {10.1111/j.1365-2966.2006.10733.x},
   adsurl = {http://adsabs.harvard.edu/cgi-bin/nph-bib_query?bibcode=2006MNRAS.3
71..983S&db_key=AST},
  adsnote = {Provided by the Smithsonian/NASA Astrophysics Data System}
}

@ARTICLE{SuyuEtal09,
   author = {{Suyu}, S.~H. and {Marshall}, P.~J. and {Blandford}, R.~D. and {Fassnacht}, C.~D. and {Koopmans}, L.~V.~E. and {McKean}, J.~P. and {Treu}, T.},
    title = "{Dissecting the Gravitational Lens B1608+656. I. Lens Potential Reconstruction}",
  journal = {\apj},
archivePrefix = "arXiv",
   eprint = {0804.2827},
 keywords = {black hole physics, galaxies: nuclei, gravitational waves, relativity },
     year = 2009,
    month = jan,
   volume = 691,
    pages = {277-298},
      doi = {10.1088/0004-637X/691/1/277},
   adsurl = {http://adsabs.harvard.edu/abs/2009ApJ...691..277S},
  adsnote = {Provided by the SAO/NASA Astrophysics Data System}
}

@INPROCEEDINGS{Tammann79,
   author = {{Tammann}, G.~A.},
    title = "{Precise determination of the distances of galaxies.}",
booktitle = {NASA Conference Publication},
     year = 1979,
   series = {NASA Conference Publication},
   volume = 2111,
    pages = {263-293},
   adsurl = {http://adsabs.harvard.edu/abs/1979NASCP2111..263T},
  adsnote = {Provided by the SAO/NASA Astrophysics Data System}
}


@ARTICLE{Tammann06,
   author = {{Tammann}, G.~A.},
    title = "{Karl Schwarzschild Lecture: The Ups and Downs of the Hubble Constant (With 12 Figures)}",
booktitle = {Reviews in Modern Astronomy},
     year = 2006,
   series = {Reviews in Modern Astronomy},
   volume = 19,
   editor = {{Roeser}, S.},
    month = jan,
    pages = {1},
   adsurl = {http://adsabs.harvard.edu/abs/2006RvMA...19....1T},
  adsnote = {Provided by the Smithsonian/NASA Astrophysics Data System}
}

@ARTICLE{TammannEtal03,
   author = {{Tammann}, G.~A. and {Sandage}, A. and {Reindl}, B.},
    title = "{New Period-Luminosity and Period-Color relations of classical Cepheids: I. Cepheids in the Galaxy}",
  journal = {\aap},
   eprint = {arXiv:astro-ph/0303378},
     year = 2003,
    month = jun,
   volume = 404,
    pages = {423-448},
      doi = {10.1051/0004-6361:20030354},
   adsurl = {http://adsabs.harvard.edu/abs/2003A%26A...404..423T},
  adsnote = {Provided by the Smithsonian/NASA Astrophysics Data System}
}

@ARTICLE{TammannSandage99,
   author = {{Tammann}, G.~A. and {Sandage}, A.},
    title = "{The Luminosity Function of Globular Clusters as an Extragalactic D
istance Indicator}",
booktitle = {Harmonizing Cosmic Distance Scales in a Post-HIPPARCOS Era},
     year = 1999,
   series = {Astronomical Society of the Pacific Conference Series},
   volume = 167,
   editor = {{Egret}, D. and {Heck}, A.},
    pages = {204-216},
   adsurl = {http://adsabs.harvard.edu/abs/1999ASPC..167..204T},
  adsnote = {Provided by the Smithsonian/NASA Astrophysics Data System}
}

@ARTICLE{Tammann93,
   author = {{Tammann}, G.~A.},
    title = "{Why are Planetary Nebulae Poor Distance Indicators?}",
booktitle = {Planetary Nebulae},
     year = 1993,
   series = {IAU Symposium},
   volume = 155,
   editor = {{Weinberger}, R. and {Acker}, A.},
    pages = {515},
   adsurl = {http://adsabs.harvard.edu/abs/1993IAUS..155..515T},
  adsnote = {Provided by the Smithsonian/NASA Astrophysics Data System}
}

@ARTICLE{TonryFranx99,
   author = {{Tonry}, J.~L. and {Franx}, M.},
    title = "{Velocity Dispersion of the Gravitational Lens 0957+561}",
  journal = {\apj},
   eprint = {arXiv:astro-ph/9809064},
     year = 1999,
    month = apr,
   volume = 515,
    pages = {512-517},
      doi = {10.1086/307048},
   adsurl = {http://adsabs.harvard.edu/abs/1999ApJ...515..512T},
  adsnote = {Provided by the Smithsonian/NASA Astrophysics Data System}
}

@ARTICLE{TreuEtal06,
   author = {{Treu}, T. and {Koopmans}, L.~V. and {Bolton}, A.~S. and {Burles}, S. and {Moustakas}, L.~A.},
    title = "{The Sloan Lens ACS Survey. II. Stellar Populations and Internal Structure of Early-Type Lens Galaxies}",
  journal = {\apj},
   eprint = {arXiv:astro-ph/0512044},
 keywords = {Galaxies: Elliptical and Lenticular, cD, Galaxies: Evolution, Galaxies: Formation, Galaxies: Structure, Cosmology: Gravitational Lensing},
     year = 2006,
    month = apr,
   volume = 640,
    pages = {662-672},
      doi = {10.1086/500124},
   adsurl = {http://adsabs.harvard.edu/abs/2006ApJ...640..662T},
  adsnote = {Provided by the SAO/NASA Astrophysics Data System}
}

@ARTICLE{TreuEtal09,
   author = {{Treu}, T. and {Gavazzi}, R. and {Gorecki}, A. and {Marshall}, P.~J. and {Koopmans}, L.~V.~E. and {Bolton}, A.~S. and {Moustakas}, L.~A. and {Burles}, S.},
    title = "{The SLACS Survey. VIII. The Relation between Environment and Internal Structure of Early-Type Galaxies}",
  journal = {\apj},
archivePrefix = "arXiv",
   eprint = {0806.1056},
 keywords = {galaxies: elliptical and lenticular, cD, galaxies: evolution, galaxies: formation, galaxies: structure, gravitational lensing },
     year = 2009,
    month = jan,
   volume = 690,
    pages = {670-682},
      doi = {10.1088/0004-637X/690/1/670},
   adsurl = {http://adsabs.harvard.edu/abs/2009ApJ...690..670T},
  adsnote = {Provided by the SAO/NASA Astrophysics Data System}
}


@ARTICLE{TreuKoopmans04,
   author = {{Treu}, T. and {Koopmans}, L.~V.~E.},
    title = "{Massive Dark Matter Halos and Evolution of Early-Type Galaxies to z \~{} 1}",
  journal = {\apj},
     year = 2004,
    month = aug,
   volume = 611,
    pages = {739-760},
      doi = {10.1086/422245},
   adsurl = {http://adsabs.harvard.edu/cgi-bin/nph-bib_query?bibcode=2004ApJ...611..739T&db_key=AST},
  adsnote = {Provided by the Smithsonian/NASA Astrophysics Data System}
}

@ARTICLE{TreuKoopmans02,
   author = {{Treu}, T. and {Koopmans}, L.~V.~E.},
    title = "{The internal structure of the lens PG1115+080: breaking degeneracies in the value of the Hubble constant}",
  journal = {\mnras},
   eprint = {arXiv:astro-ph/0210002},
     year = 2002,
    month = dec,
   volume = 337,
    pages = {L6-L10},
      doi = {10.1046/j.1365-8711.2002.06107.x},
   adsurl = {http://adsabs.harvard.edu/abs/2002MNRAS.337L...6T},
  adsnote = {Provided by the Smithsonian/NASA Astrophysics Data System}
}

@ARTICLE{TuEtal09,
   author = {{Tu}, H. and {Gavazzi}, R. and {Limousin}, M. and {Cabanac}, R. and {Marshall}, P.~J. and {Fort}, B. and {Treu}, T. and {P{\'e}llo}, R. and {Jullo}, E. and {Kneib}, J.-P. and {Sygnet}, J.-F.},
    title = "{The mass profile of early-type galaxies in overdense environments: the case of the double source-plane gravitational lens SL2SJ02176-0513}",
  journal = {\aap},
archivePrefix = "arXiv",
   eprint = {0902.4804},
 keywords = {gravitational lensing, Galaxy: general, dark matter},
     year = 2009,
    month = jul,
   volume = 501,
    pages = {475-484},
      doi = {10.1051/0004-6361/200911963},
   adsurl = {http://adsabs.harvard.edu/abs/2009A%26A...501..475T},
  adsnote = {Provided by the SAO/NASA Astrophysics Data System}
}

@ARTICLE{TullyFisher77,
   author = {{Tully}, R.~B. and {Fisher}, J.~R.},
    title = "{A new method of determining distances to galaxies}",
  journal = {\aap},
     year = 1977,
    month = feb,
   volume = 54,
    pages = {661-673},
   adsurl = {http://adsabs.harvard.edu/abs/1977A%26A....54..661T},
  adsnote = {Provided by the Smithsonian/NASA Astrophysics Data System}
}


@ARTICLE{vandenBerghEtal85,
   author = {{van den Bergh}, S. and {Pritchet}, C. and {Grillmair}, C.},
    title = "{Globular clusters and the distance to M87}",
  journal = {\aj},
     year = 1985,
    month = apr,
   volume = 90,
    pages = {595-599},
      doi = {},
   adsurl = {http://adsabs.harvard.edu/cgi-bin/nph-bib_query?bibcode=1985AJ.....90..595V&db_key=AST&data_type=HTML&format=&high=449a311a9230677},
  adsnote = {Provided by the Smithsonian/NASA Astrophysics Data System}
}

@ARTICLE{vanderMarel94,
   author = {{van der Marel}, R.~P.},
    title = "{Velocity Profiles of Galaxies with Claimed Black-Holes - Part Three - Observations and Models for M87}",
  journal = {\mnras},
     year = 1994,
    month = sep,
   volume = 270,
    pages = {271},
   adsurl = {http://adsabs.harvard.edu/abs/1994MNRAS.270..271V},
  adsnote = {Provided by the SAO/NASA Astrophysics Data System}
}

@ARTICLE{VuissozEtal07,
   author = {{Vuissoz}, C. and {Courbin}, F. and {Sluse}, D. and {Meylan}, G. and {Ibrahimov}, M. and {Asfandiyarov}, I. and {Stoops}, E. and {Eigenbrod}, A. and {Le Guillou}, L. and {van Winckel}, H. and {Magain}, P.},
    title = "{COSMOGRAIL: the COSmological MOnitoring of GRAvItational Lenses. V. The time delay in SDSS J1650+4251}",
  journal = {\aap},
   eprint = {arXiv:astro-ph/0606317},
 keywords = {gravitational lensing, galaxies: quasars: individual: J1650+4251, cosmology: cosmological parameters},
     year = 2007,
    month = mar,
   volume = 464,
    pages = {845-851},
      doi = {10.1051/0004-6361:20065823},
   adsurl = {http://adsabs.harvard.edu/abs/2007A%26A...464..845V},
  adsnote = {Provided by the SAO/NASA Astrophysics Data System}
}

@ARTICLE{VuissozEtal08,
   author = {{Vuissoz}, C. and {Courbin}, F. and {Sluse}, D. and {Meylan}, G. and {Chantry}, V. and {Eulaers}, E. and {Morgan}, C. and {Eyler}, M.~E. and {Kochanek}, C.~S. and {Coles}, J. and {Saha}, P. and {Magain}, P. and {Falco}, E.~E.},
    title = "{COSMOGRAIL: the COSmological MOnitoring of GRAvItational Lenses. VII. Time delays and the Hubble constant from WFI J2033-4723}",
  journal = {\aap},
archivePrefix = "arXiv",
   eprint = {0803.4015},
 keywords = {gravitational lensing, cosmology: cosmological parameters, quasars: individual: WFI J2033-4723},
     year = 2008,
    month = sep,
   volume = 488,
    pages = {481-490},
      doi = {10.1051/0004-6361:200809866},
   adsurl = {http://adsabs.harvard.edu/abs/2008A%26A...488..481V},
  adsnote = {Provided by the SAO/NASA Astrophysics Data System}
}


@ARTICLE{WallingtonEtal96,
   author = {{Wallington}, S. and {Kochanek}, C.~S. and {Narayan}, R.},
    title = "{LensMEM: A Gravitational Lens Inversion Algorithm Using the Maximum Entropy Method}",
  journal = {\apj},
     year = 1996,
    month = jul,
   volume = 465,
    pages = {64},
      doi = {10.1086/177401},
   adsurl = {http://adsabs.harvard.edu/cgi-bin/nph-bib_query?bibcode=1996ApJ...465...64W&db_key=AST},
  adsnote = {Provided by the Smithsonian/NASA Astrophysics Data System}
}

@ARTICLE{WarrenDye03,
   author = {{Warren}, S.~J. and {Dye}, S.},
    title = "{Semilinear Gravitational Lens Inversion}",
  journal = {\apj},
     year = 2003,
    month = jun,
   volume = 590,
    pages = {673-682},
      doi = {10.1086/375132},
   adsurl = {http://adsabs.harvard.edu/cgi-bin/nph-bib_query?bibcode=2003ApJ...590..673W&db_key=AST},
  adsnote = {Provided by the Smithsonian/NASA Astrophysics Data System}
}

@ARTICLE{WaythEtal05,
   author = {{Wayth}, R.~B. and {Warren}, S.~J. and {Lewis}, G.~F. and {Hewett}, P.~C.},
    title = "{The lens and source of the optical Einstein ring gravitational lens ER 0047-2808}",
  journal = {\mnras},
     year = 2005,
    month = jul,
   volume = 360,
    pages = {1333-1344},
      doi = {10.1111/j.1365-2966.2005.09118.x},
   adsurl = {http://adsabs.harvard.edu/cgi-bin/nph-bib_query?bibcode=2005MNRAS.360.1333W&db_key=AST},
  adsnote = {Provided by the Smithsonian/NASA Astrophysics Data System}
}

@ARTICLE{WaythWebster06,
   author = {{Wayth}, R.~B. and {Webster}, R.~L.},
    title = "{LENSVIEW: software for modelling resolved gravitational lens images}",
  journal = {\mnras},
   eprint = {arXiv:astro-ph/0609542},
     year = 2006,
    month = nov,
   volume = 372,
    pages = {1187-1207},
      doi = {10.1111/j.1365-2966.2006.10922.x},
   adsurl = {http://adsabs.harvard.edu/abs/2006MNRAS.372.1187W},
  adsnote = {Provided by the Smithsonian/NASA Astrophysics Data System}
}

@ARTICLE{WilliamsSaha00,
   author = {{Williams}, L.~L.~R. and {Saha}, P.},
    title = "{Pixelated Lenses and $H_{0}$ from Time-Delay Quasars}",
  journal = {\aj},
     year = 2000,
    month = feb,
   volume = 119,
    pages = {439-450},
      doi = {10.1086/301234},
   adsurl = {http://adsabs.harvard.edu/cgi-bin/nph-bib_query?bibcode=2000AJ....119..439W&db_key=AST},
  adsnote = {Provided by the Smithsonian/NASA Astrophysics Data System}
}


@ARTICLE{WinnEtal04,
   author = {{Winn}, J.~N. and {Rusin}, D. and {Kochanek}, C.~S.},
    title = "{The central image of a gravitationally lensed quasar}",
  journal = {\nat},
   eprint = {astro-ph/0312136},
     year = 2004,
    month = feb,
   volume = 427,
    pages = {613-615},
   adsurl = {http://adsabs.harvard.edu/cgi-bin/nph-bib_query?bibcode=2004Natur.4
27..613W&db_key=AST},
  adsnote = {Provided by the Smithsonian/NASA Astrophysics Data System}
}


@ARTICLE{Wucknitz02,
   author = {{Wucknitz}, O.},
    title = "{Degeneracies and scaling relations in general power-law models for gravitational lenses}",
  journal = {\mnras},
   eprint = {arXiv:astro-ph/0202376},
     year = 2002,
    month = jun,
   volume = 332,
    pages = {951-961},
      doi = {10.1046/j.1365-8711.2002.05426.x},
   adsurl = {http://adsabs.harvard.edu/abs/2002MNRAS.332..951W},
  adsnote = {Provided by the Smithsonian/NASA Astrophysics Data System}
}

@ARTICLE{WucknitzEtal04,
   author = {{Wucknitz}, O. and {Biggs}, A.~D. and {Browne}, I.~W.~A.},
    title = "{Models for the lens and source of B0218+357: a LENSCLEAN approach to determine H_{0}}",
  journal = {\mnras},
   eprint = {arXiv:astro-ph/0312263},
 keywords = {gravitational lensing, techniques: interferometric, quasars: individual: JVAS B0218+357, distance scale},
     year = 2004,
    month = mar,
   volume = 349,
    pages = {14-30},
      doi = {10.1111/j.1365-2966.2004.07514.x},
   adsurl = {http://adsabs.harvard.edu/abs/2004MNRAS.349...14W},
  adsnote = {Provided by the SAO/NASA Astrophysics Data System}
}


@ARTICLE{YorkEtal05,
   author = {{York}, T. and {Jackson}, N. and {Browne}, I.~W.~A. and {Wucknitz}, O. and {Skelton}, J.~E.},
    title = "{The Hubble constant from the gravitational lens CLASS B0218+357 using the Advanced Camera for Surveys}",
  journal = {\mnras},
   eprint = {arXiv:astro-ph/0405115},
     year = 2005,
    month = feb,
   volume = 357,
    pages = {124-134},
      doi = {10.1111/j.1365-2966.2004.08618.x},
   adsurl = {http://adsabs.harvard.edu/abs/2005MNRAS.357..124Y},
  adsnote = {Provided by the Smithsonian/NASA Astrophysics Data System}
}

@ARTICLE{DeLuciaBlaizot2007,
   author = {{De Lucia}, G. and {Blaizot}, J.},
    title = "{The hierarchical formation of the brightest cluster galaxies}",
  journal = {\mnras},
   eprint = {astro-ph/0606519},
     year = 2007,
    month = feb,
   volume = 375,
    pages = {2-14},
      doi = {10.1111/j.1365-2966.2006.11287.x},
   adsurl = {http://adsabs.harvard.edu/cgi-bin/nph-bib_query?bibcode=2007MNRAS.375....2D&db_key=AST},
  adsnote = {Provided by the Smithsonian/NASA Astrophysics Data System}
}

@ARTICLE{Gav++08,
   author = {{Gavazzi}, R. and {Treu}, T. and {Koopmans}, L.~V.~E. and {Bolton}, A.~S. and
	{Moustakas}, L.~A. and {Burles}, S. and {Marshall}, P.~J.},
    title = "{The Sloan Lens ACS Survey. VI. Discovery and Analysis of a Double Einstein Ring}",
  journal = {\apj},
archivePrefix = "arXiv",
   eprint = {0801.1555},
 keywords = {Cosmology: Cosmological Parameters, Cosmology: Dark Matter, Galaxies: Elliptical and Lenticular, cD, Galaxies: Halos, Galaxies: Structure, Cosmology: Gravitational Lensing},
     year = 2008,
    month = apr,
   volume = 677,
    pages = {1046-1059},
      doi = {10.1086/529541},
   adsurl = {http://adsabs.harvard.edu/abs/2008ApJ...677.1046G},
  adsnote = {Provided by the SAO/NASA Astrophysics Data System}
}

@ARTICLE{Hernquist90,
   author = {{Hernquist}, L.},
    title = "{An analytical model for spherical galaxies and bulges}",
  journal = {\apj},
 keywords = {COMPUTATIONAL ASTROPHYSICS, ELLIPTICAL GALAXIES, GALACTIC BULGE, GALACTIC STRUCTURE, ASTRONOMICAL MODELS, ASTRONOMICAL PHOTOMETRY, BRIGHTNESS DISTRIBUTION, DISTRIBUTION FUNCTIONS},
     year = 1990,
    month = jun,
   volume = 356,
    pages = {359-364},
      doi = {10.1086/168845},
   adsurl = {http://adsabs.harvard.edu/abs/1990ApJ...356..359H},
  adsnote = {Provided by the SAO/NASA Astrophysics Data System}
}

@ARTICLE{Jaffe83,
   author = {{Jaffe}, W.},
    title = "{A simple model for the distribution of light in spherical galaxies}",
  journal = {\mnras},
 keywords = {ASTRONOMICAL MODELS, BRIGHTNESS DISTRIBUTION, GALACTIC RADIATION, GRAVITATIONAL FIELDS, LIGHT EMISSION, SURFACE PROPERTIES},
     year = 1983,
    month = mar,
   volume = 202,
    pages = {995-999},
   adsurl = {http://adsabs.harvard.edu/abs/1983MNRAS.202..995J},
  adsnote = {Provided by the SAO/NASA Astrophysics Data System}
}

@Book{sivia,
  author  ={Sivia, D.~S.},
  title   ={{Data Analysis: A Bayesian Tutorial}},
  publisher ={Oxford: OUP},
  year    =1996
}

@Book{mackay,
  author  ={D.J.C.\ MacKay},
  title   ={Information Theory, Inference and Learning Algorithms},
  publisher ={Cambridge: CUP},
  year    =2003
}
@ARTICLE{HickenEtAl09,
   author = {{Hicken}, M. and {Wood-Vasey}, W.~M. and {Blondin}, S. and {Challis}, P. and
	{Jha}, S. and {Kelly}, P.~L. and {Rest}, A. and {Kirshner}, R.~P.
	},
    title = "{Improved Dark Energy Constraints from \~{}100 New CfA Supernova Type Ia Light Curves}",
  journal = {\apj},
archivePrefix = "arXiv",
   eprint = {0901.4804},
 keywords = {cosmology: dark energy, supernovae: general},
     year = 2009,
    month = aug,
   volume = 700,
    pages = {1097-1140},
      doi = {10.1088/0004-637X/700/2/1097},
   adsurl = {http://adsabs.harvard.edu/abs/2009ApJ...700.1097H},
  adsnote = {Provided by the SAO/NASA Astrophysics Data System}
}

@ARTICLE{BradacEtal2009,
   author = {{Brada{\v c}}, M. and {Treu}, T. and {Applegate}, D. and {Gonzalez}, A.~H. and
	{Clowe}, D. and {Forman}, W. and {Jones}, C. and {Marshall}, P. and
	{Schneider}, P. and {Zaritsky}, D.},
    title = "{Focusing Cosmic Telescopes: Exploring Redshift z \~{} 5-6 Galaxies with the Bullet Cluster 1E0657 - 56}",
  journal = {\apj},
archivePrefix = "arXiv",
   eprint = {0910.2708},
 primaryClass = "astro-ph.CO",
 keywords = {dark matter, galaxies: clusters: individual: 1E0657-56, galaxies: high-redshift, gravitational lensing},
     year = 2009,
    month = dec,
   volume = 706,
    pages = {1201-1212},
      doi = {10.1088/0004-637X/706/2/1201},
   adsurl = {http://adsabs.harvard.edu/abs/2009ApJ...706.1201B},
  adsnote = {Provided by the SAO/NASA Astrophysics Data System}
}

@ARTICLE{Wang+Dai2011,
   author = {{Wang}, F.~Y. and {Dai}, Z.~G.},
    title = "{Weak gravitational lensing effects on cosmological parameters and dark energy from gamma-ray bursts}",
  journal = {\aap},
archivePrefix = "arXiv",
   eprint = {1112.4040},
 primaryClass = "astro-ph.CO",
 keywords = {cosmological parameters, gamma rays: galaxies},
     year = 2011,
    month = dec,
   volume = 536,
      eid = {A96},
    pages = {A96},
      doi = {10.1051/0004-6361/201117517},
   adsurl = {http://adsabs.harvard.edu/abs/2011A%26A...536A..96W},
  adsnote = {Provided by the SAO/NASA Astrophysics Data System}
}

@ARTICLE{Oguri+Takahashi2006,
   author = {{Oguri}, M. and {Takahashi}, K.},
    title = "{Gravitational lensing effects on the gamma-ray burst Hubble diagram}",
  journal = {\prd},
   eprint = {arXiv:astro-ph/0604476},
 keywords = {Dark energy, Gravitational lenses and luminous arcs, gamma-ray sources; gamma-ray bursts},
     year = 2006,
    month = jun,
   volume = 73,
   number = 12,
      eid = {123002},
    pages = {123002},
      doi = {10.1103/PhysRevD.73.123002},
   adsurl = {http://adsabs.harvard.edu/abs/2006PhRvD..73l3002O},
  adsnote = {Provided by the SAO/NASA Astrophysics Data System}
}

@ARTICLE{WongEtal2012,
   author = {{Wong}, K.~C. and {Ammons}, S.~M. and {Keeton}, C.~R. and {Zabludoff}, A.~I.
	},
    title = "{Optimal Mass Configurations for Lensing High-redshift Galaxies}",
  journal = {\apj},
archivePrefix = "arXiv",
   eprint = {1203.2614},
 primaryClass = "astro-ph.CO",
 keywords = {gravitational lensing: strong},
     year = 2012,
    month = jun,
   volume = 752,
      eid = {104},
    pages = {104},
      doi = {10.1088/0004-637X/752/2/104},
   adsurl = {http://adsabs.harvard.edu/abs/2012ApJ...752..104W},
  adsnote = {Provided by the SAO/NASA Astrophysics Data System}
}

@ARTICLE{DalalEtal2005,
   author = {{Dalal}, N. and {Hennawi}, J.~F. and {Bode}, P.},
    title = "{Noise in Strong Lensing Cosmography}",
  journal = {\apj},
   eprint = {arXiv:astro-ph/0409028},
 keywords = {Cosmology: Cosmological Parameters, Cosmology: Dark Matter, Cosmology: Gravitational Lensing},
     year = 2005,
    month = mar,
   volume = 622,
    pages = {99-105},
      doi = {10.1086/427323},
   adsurl = {http://adsabs.harvard.edu/abs/2005ApJ...622...99D},
  adsnote = {Provided by the SAO/NASA Astrophysics Data System}
}

@ARTICLE{WongEtal2011,
   author = {{Wong}, K.~C. and {Keeton}, C.~R. and {Williams}, K.~A. and
	{Momcheva}, I.~G. and {Zabludoff}, A.~I.},
    title = "{The Effect of Environment on Shear in Strong Gravitational Lenses}",
  journal = {\apj},
archivePrefix = "arXiv",
   eprint = {1011.2504},
 primaryClass = "astro-ph.CO",
 keywords = {gravitational lensing: strong},
     year = 2011,
    month = jan,
   volume = 726,
      eid = {84},
    pages = {84},
      doi = {10.1088/0004-637X/726/2/84},
   adsurl = {http://adsabs.harvard.edu/abs/2011ApJ...726...84W},
  adsnote = {Provided by the SAO/NASA Astrophysics Data System}
}

@ARTICLE{Keeton+Zabludoff2004,
   author = {{Keeton}, C.~R. and {Zabludoff}, A.~I.},
    title = "{The Importance of Lens Galaxy Environments}",
  journal = {\apj},
   eprint = {arXiv:astro-ph/0406060},
 keywords = {Cosmology: Cosmological Parameters, Cosmology: Dark Matter, Galaxies: Clusters: General, Galaxies: Halos, Cosmology: Gravitational Lensing},
     year = 2004,
    month = sep,
   volume = 612,
    pages = {660-678},
      doi = {10.1086/422745},
   adsurl = {http://adsabs.harvard.edu/abs/2004ApJ...612..660K},
  adsnote = {Provided by the SAO/NASA Astrophysics Data System}
}

@ARTICLE{WilliamsEtal2006,
   author = {{Williams}, K.~A. and {Momcheva}, I. and {Keeton}, C.~R. and
	{Zabludoff}, A.~I. and {Leh{\'a}r}, J.},
    title = "{First Results from a Photometric Survey of Strong Gravitational Lens Environments}",
  journal = {\apj},
   eprint = {arXiv:astro-ph/0511593},
 keywords = {Galaxies: Clusters: General, Galaxies: Evolution, Galaxies: Photometry, Cosmology: Gravitational Lensing, Galaxies: Quasars: General},
     year = 2006,
    month = jul,
   volume = 646,
    pages = {85-106},
      doi = {10.1086/504788},
   adsurl = {http://adsabs.harvard.edu/abs/2006ApJ...646...85W},
  adsnote = {Provided by the SAO/NASA Astrophysics Data System}
}

@ARTICLE{MomchevaEtal2006,
   author = {{Momcheva}, I. and {Williams}, K. and {Keeton}, C. and {Zabludoff}, A.
	},
    title = "{A Spectroscopic Study of the Environments of Gravitational Lens Galaxies}",
  journal = {\apj},
   eprint = {arXiv:astro-ph/0511594},
 keywords = {Galaxies: Clusters: General, Galaxies: Halos, Cosmology: Gravitational Lensing, quasars: individual (MG 0751+2716), quasars: individual (BRI 0952-0115), Galaxies: Quasars: Individual: Alphanumeric: PG 1115+080, Galaxies: Quasars: Individual: Alphanumeric: B1422+231, quasars: individual (MG 1654+1346), Galaxies: Quasars: Individual: Alphanumeric: PMN J2004-1349, quasars: individual (B2114+022), quasars: individual (HE 2149-2745)},
     year = 2006,
    month = apr,
   volume = 641,
    pages = {169-189},
      doi = {10.1086/500382},
   adsurl = {http://adsabs.harvard.edu/abs/2006ApJ...641..169M},
  adsnote = {Provided by the SAO/NASA Astrophysics Data System}
}

@ARTICLE{Fassnacht+Lubin2002,
   author = {{Fassnacht}, C.~D. and {Lubin}, L.~M.},
    title = "{The Gravitational Lens-Galaxy Group Connection. I. Discovery of a Group Coincident with CLASS B0712+472}",
  journal = {\aj},
   eprint = {arXiv:astro-ph/0111205},
 keywords = {Galaxies: Clusters: General, Galaxies: Distances and Redshifts, Cosmology: Gravitational Lensing, quasars: individual (CLASS B0712+472)},
     year = 2002,
    month = feb,
   volume = 123,
    pages = {627-636},
      doi = {10.1086/338648},
   adsurl = {http://adsabs.harvard.edu/abs/2002AJ....123..627F},
  adsnote = {Provided by the SAO/NASA Astrophysics Data System}
}

@ARTICLE{AugerEtal2007,
   author = {{Auger}, M.~W. and {Fassnacht}, C.~D. and {Abrahamse}, A.~L. and
	{Lubin}, L.~M. and {Squires}, G.~K.},
    title = "{The Gravitational Lens-Galaxy Group Connection. II. Groups Associated with B2319+051 and B1600+434}",
  journal = {\aj},
   eprint = {arXiv:astro-ph/0603448},
 keywords = {distance scale, galaxies: clusters: general, galaxies: individual: B2319+051: B1600+434, gravitational lensing},
     year = 2007,
    month = aug,
   volume = 134,
    pages = {668-679},
      doi = {10.1086/519238},
   adsurl = {http://adsabs.harvard.edu/abs/2007AJ....134..668A},
  adsnote = {Provided by the SAO/NASA Astrophysics Data System}
}

@ARTICLE{Holder+Schechter2003,
   author = {{Holder}, G.~P. and {Schechter}, P.~L.},
    title = "{External Shear in Quadruply Imaged Lens Systems}",
  journal = {\apj},
   eprint = {arXiv:astro-ph/0209532},
 keywords = {Cosmology: Gravitational Lensing},
     year = 2003,
    month = jun,
   volume = 589,
    pages = {688-692},
      doi = {10.1086/374688},
   adsurl = {http://adsabs.harvard.edu/abs/2003ApJ...589..688H},
  adsnote = {Provided by the SAO/NASA Astrophysics Data System}
}

@INPROCEEDINGS{Dalal2005,
   author = {{Dalal}, N.},
    title = "{What are the environments of lens galaxies?}",
booktitle = {25 Years After the Discovery: Some Current Topics on Lensed QSOs},
     year = 2005,
   eprint = {arXiv:astro-ph/0409483},
   editor = {{Goicoechea}, L.~J.},
    month = feb,
   adsurl = {http://adsabs.harvard.edu/abs/2005tyad.confE..12D},
  adsnote = {Provided by the SAO/NASA Astrophysics Data System}
}

@ARTICLE{Holz+Linder2005,
   author = {{Holz}, D.~E. and {Linder}, E.~V.},
    title = "{Safety in Numbers: Gravitational Lensing Degradation of the Luminosity Distance-Redshift Relation}",
  journal = {\apj},
   eprint = {arXiv:astro-ph/0412173},
 keywords = {Cosmology: Cosmological Parameters, Cosmology: Observations, Cosmology: Theory, Gravitation, Cosmology: Gravitational Lensing, Stars: Supernovae: General},
     year = 2005,
    month = oct,
   volume = 631,
    pages = {678-688},
      doi = {10.1086/432085},
   adsurl = {http://adsabs.harvard.edu/abs/2005ApJ...631..678H},
  adsnote = {Provided by the SAO/NASA Astrophysics Data System}
}

@ARTICLE{NakajimaEtal2009,
   author = {{Nakajima}, R. and {Bernstein}, G.~M. and {Fadely}, R. and {Keeton}, C.~R. and
	{Schrabback}, T.},
    title = "{Improved Constraints on the Gravitational Lens Q0957+561. I. Weak Lensing}",
  journal = {\apj},
archivePrefix = "arXiv",
   eprint = {0903.4182},
 primaryClass = "astro-ph.CO",
 keywords = {galaxies: clusters: individual: Q0957+561, galaxies: halos, gravitational lensing},
     year = 2009,
    month = jun,
   volume = 697,
    pages = {1793-1804},
      doi = {10.1088/0004-637X/697/2/1793},
   adsurl = {http://adsabs.harvard.edu/abs/2009ApJ...697.1793N},
  adsnote = {Provided by the SAO/NASA Astrophysics Data System}
}

@ARTICLE{FadelyEtal2009,
   author = {{Fadely}, R. and {Keeton}, C.~R. and {Nakajima}, R. and {Bernstein}, G.~M.
	},
    title = "{Improved Constraints on the Gravitational Lens Q0957+561. II. Strong Lensing}",
  journal = {\apj},
archivePrefix = "arXiv",
   eprint = {0909.1807},
 primaryClass = "astro-ph.CO",
 keywords = {cosmological parameters, cosmology: observations, dark matter, galaxies: individual: Q0957+561, galaxies: structure, gravitational lensing: strong},
     year = 2010,
    month = mar,
   volume = 711,
    pages = {246-267},
      doi = {10.1088/0004-637X/711/1/246},
   adsurl = {http://adsabs.harvard.edu/abs/2010ApJ...711..246F},
  adsnote = {Provided by the SAO/NASA Astrophysics Data System}
}

@ARTICLE{GunnarssonEtal2006,
   author = {{Gunnarsson}, C. and {Dahl{\'e}n}, T. and {Goobar}, A. and {J{\"o}nsson}, J. and
	{M{\"o}rtsell}, E.},
    title = "{Corrections for Gravitational Lensing of Supernovae: Better than Average?}",
  journal = {\apj},
   eprint = {arXiv:astro-ph/0506764},
 keywords = {Cosmology: Gravitational Lensing, Stars: Supernovae: General},
     year = 2006,
    month = mar,
   volume = 640,
    pages = {417-427},
      doi = {10.1086/499346},
   adsurl = {http://adsabs.harvard.edu/abs/2006ApJ...640..417G},
  adsnote = {Provided by the SAO/NASA Astrophysics Data System}
}

@ARTICLE{HilbertEtal2011,
   author = {{Hilbert}, S. and {Gair}, J.~R. and {King}, L.~J.},
    title = "{Reducing distance errors for standard candles and standard sirens with weak-lensing shear and flexion maps}",
  journal = {\mnras},
archivePrefix = "arXiv",
   eprint = {1007.2468},
 primaryClass = "astro-ph.CO",
 keywords = {gravitational lensing: weak, gravitational waves, gamma-ray burst: general, supernovae: general, distance scale},
     year = 2011,
    month = apr,
   volume = 412,
    pages = {1023-1037},
      doi = {10.1111/j.1365-2966.2010.17963.x},
   adsurl = {http://adsabs.harvard.edu/abs/2011MNRAS.412.1023H},
  adsnote = {Provided by the SAO/NASA Astrophysics Data System}
}

@INPROCEEDINGS{Schneider2006,
   author = {{Schneider}, P.},
    title = "{Part 3: Weak gravitational lensing}",
 keywords = {Gravitational Lensing},
booktitle = {Saas-Fee Advanced Course 33: Gravitational Lensing: Strong, Weak and Micro},
     year = 2006,
   editor = {{Meylan}, G. and {Jetzer}, P. and {North}, P. and {Schneider}, P. and
	{Kochanek}, C.~S. and {Wambsganss}, J.},
    pages = {269-451},
   adsurl = {http://adsabs.harvard.edu/abs/2006glsw.conf..269S},
  adsnote = {Provided by the SAO/NASA Astrophysics Data System}
}

@ARTICLE{DeLucia+Blaizot2007,
   author = {{De Lucia}, G. and {Blaizot}, J.},
    title = "{The hierarchical formation of the brightest cluster galaxies}",
  journal = {\mnras},
   eprint = {arXiv:astro-ph/0606519},
 keywords = {galaxies: elliptical and lenticular, cD, galaxies: evolution, galaxies: formation, galaxies: fundamental parameters, galaxies: stellar content},
     year = 2007,
    month = feb,
   volume = 375,
    pages = {2-14},
      doi = {10.1111/j.1365-2966.2006.11287.x},
   adsurl = {http://adsabs.harvard.edu/abs/2007MNRAS.375....2D},
  adsnote = {Provided by the SAO/NASA Astrophysics Data System}
}

@ARTICLE{BehrooziEtal2010,
   author = {{Behroozi}, P.~S. and {Conroy}, C. and {Wechsler}, R.~H.},
    title = "{A Comprehensive Analysis of Uncertainties Affecting the Stellar Mass-Halo Mass Relation for 0 {\lt} z {\lt} 4}",
  journal = {\apj},
archivePrefix = "arXiv",
   eprint = {1001.0015},
 primaryClass = "astro-ph.CO",
 keywords = {dark matter, galaxies: abundances, galaxies: evolution, galaxies: stellar content},
     year = 2010,
    month = jul,
   volume = 717,
    pages = {379-403},
      doi = {10.1088/0004-637X/717/1/379},
   adsurl = {http://adsabs.harvard.edu/abs/2010ApJ...717..379B},
  adsnote = {Provided by the SAO/NASA Astrophysics Data System}
}

@ARTICLE{KarpenkaEtal2012,
   author = {{Karpenka}, N.~V. and {March}, M.~C. and {Feroz}, F. and {Hobson}, M.~P.
	},
    title = "{Bayesian constraints on dark matter halo properties using gravitationally-lensed supernovae}",
  journal = {ArXiv e-prints},
archivePrefix = "arXiv",
   eprint = {1207.3708},
 primaryClass = "astro-ph.CO",
 keywords = {Astrophysics - Cosmology and Extragalactic Astrophysics},
     year = 2012,
    month = jul,
   adsurl = {http://adsabs.harvard.edu/abs/2012arXiv1207.3708K},
  adsnote = {Provided by the SAO/NASA Astrophysics Data System}
}

@ARTICLE{JonssonEtal2010,
   author = {{J{\"o}nsson}, J. and {Dahl{\'e}n}, T. and {Hook}, I. and {Goobar}, A. and
	{M{\"o}rtsell}, E.},
    title = "{Weighing dark matter haloes with gravitationally lensed supernovae}",
  journal = {\mnras},
archivePrefix = "arXiv",
   eprint = {0910.4098},
 primaryClass = "astro-ph.CO",
 keywords = {gravitational lensing, supernovae: general, dark matter},
     year = 2010,
    month = feb,
   volume = 402,
    pages = {526-536},
      doi = {10.1111/j.1365-2966.2009.15907.x},
   adsurl = {http://adsabs.harvard.edu/abs/2010MNRAS.402..526J},
  adsnote = {Provided by the SAO/NASA Astrophysics Data System}
}

@ARTICLE{JohnstonEtal2007,
   author = {{Johnston}, D.~E. and {Sheldon}, E.~S. and {Wechsler}, R.~H. and
	{Rozo}, E. and {Koester}, B.~P. and {Frieman}, J.~A. and {McKay}, T.~A. and
	{Evrard}, A.~E. and {Becker}, M.~R. and {Annis}, J.},
    title = "{Cross-correlation Weak Lensing of SDSS galaxy Clusters II: Cluster Density Profiles and the Mass--Richness Relation}",
  journal = {ArXiv e-prints},
archivePrefix = "arXiv",
   eprint = {0709.1159},
 keywords = {Astrophysics},
     year = 2007,
    month = sep,
   adsurl = {http://adsabs.harvard.edu/abs/2007arXiv0709.1159J},
  adsnote = {Provided by the SAO/NASA Astrophysics Data System}
}

@ARTICLE{WyitheEtal2011,
   author = {{Wyithe}, J.~S.~B. and {Yan}, H. and {Windhorst}, R.~A. and
	{Mao}, S.},
    title = "{A distortion of very-high-redshift galaxy number counts by gravitational lensing}",
  journal = {\nat},
archivePrefix = "arXiv",
   eprint = {1101.2291},
 primaryClass = "astro-ph.CO",
     year = 2011,
    month = jan,
   volume = 469,
    pages = {181-184},
      doi = {10.1038/nature09619},
   adsurl = {http://adsabs.harvard.edu/abs/2011Natur.469..181W},
  adsnote = {Provided by the SAO/NASA Astrophysics Data System}
}

% ==============================================================================
% Weak Lensing and Hierarchical Inference

@ARTICLE{CollettEtal2013,
   author = {{Collett}, T.~E. and {Marshall}, P.~J. and {Auger}, M.~W. and
	{Hilbert}, S. and {Suyu}, S.~H. and {Greene}, Z. and {Treu}, T. and
	{Fassnacht}, C.~D. and {Koopmans}, L.~V.~E. and {Brada{\v c}}, M. and
	{Blandford}, R.~D.},
    title = "{Reconstructing the lensing mass in the Universe from photometric catalogue data}",
  journal = {\mnras},
archivePrefix = "arXiv",
   eprint = {1303.6564},
 primaryClass = "astro-ph.CO",
 keywords = {gravitational lensing: weak, methods: statistical, galaxies: haloes, galaxies: luminosity function, mass function, cosmology: observations},
     year = 2013,
    month = jun,
   volume = 432,
    pages = {679-692},
      doi = {10.1093/mnras/stt504},
   adsurl = {http://adsabs.harvard.edu/abs/2013MNRAS.432..679C},
  adsnote = {Provided by the SAO/NASA Astrophysics Data System},
     note = {First Pangloss paper, outlining our dead simple halo model, but also the strong/weak
             lensing problem we are trying to solve.}
}

@ARTICLE{SchneiderEtal2014,
   author = {{Schneider}, M.~D. and {Hogg}, D.~W. and {Marshall}, P.~J. and
	{Dawson}, W.~A. and {Meyers}, J. and {Bard}, D.~J. and {Lang}, D.
	},
    title = "{Hierarchical probabilistic inference of cosmic shear}",
  journal = {ArXiv e-prints},
archivePrefix = "arXiv",
   eprint = {1411.2608},
 keywords = {Astrophysics - Cosmology and Nongalactic Astrophysics},
     year = 2014,
    month = nov,
   adsurl = {http://adsabs.harvard.edu/abs/2014arXiv1411.2608S},
  adsnote = {Provided by the SAO/NASA Astrophysics Data System},
     note = {Importance sampling theory, Dirichlet Process implementation. Weak lensing analysis grand
             design, including marginalisation over density fields.}
}

@ARTICLE{PaceEtal2015,
   author = {{Pace}, F. and {Manera}, M. and {Bacon}, D.~J. and {Crittenden}, R. and
	{Percival}, W.~J.},
    title = "{The importance of the cosmic web and halo substructure for power spectra}",
  journal = {ArXiv e-prints},
archivePrefix = "arXiv",
   eprint = {1503.04324},
 keywords = {Astrophysics - Cosmology and Nongalactic Astrophysics},
     year = 2015,
    month = mar,
   adsurl = {http://adsabs.harvard.edu/abs/2015arXiv150304324P},
  adsnote = {Provided by the SAO/NASA Astrophysics Data System},
     note = {Checking the ability of halo models to reproduce WL summary statistics,
             provides guidance for what our model will need to contain in terms of
             subhalos, large and small scale mass power.}
}

@ARTICLE{VelanderEtal2014,
   author = {{Velander}, M. and {van Uitert}, E. and {Hoekstra}, H. and {Coupon}, J. and
	{Erben}, T. and {Heymans}, C. and {Hildebrandt}, H. and {Kitching}, T.~D. and
	{Mellier}, Y. and {Miller}, L. and {Van Waerbeke}, L. and {Bonnett}, C. and
	{Fu}, L. and {Giodini}, S. and {Hudson}, M.~J. and {Kuijken}, K. and
	{Rowe}, B. and {Schrabback}, T. and {Semboloni}, E.},
    title = "{CFHTLenS: the relation between galaxy dark matter haloes and baryons from weak gravitational lensing}",
  journal = {\mnras},
archivePrefix = "arXiv",
   eprint = {1304.4265},
 primaryClass = "astro-ph.CO",
 keywords = {gravitational lensing: weak, galaxies: haloes, cosmology: observations, dark matter},
     year = 2014,
    month = jan,
   volume = 437,
    pages = {2111-2136},
      doi = {10.1093/mnras/stt2013},
   adsurl = {http://adsabs.harvard.edu/abs/2014MNRAS.437.2111V},
  adsnote = {Provided by the SAO/NASA Astrophysics Data System},
     note = {State of the art galaxy-galaxy lensing analysis, using halo model in fit.}
}

@ARTICLE{WangEtal2012,
   author = {{Wang}, H. and {Mo}, H.~J. and {Yang}, X. and {van den Bosch}, F.~C.
	},
    title = "{Reconstructing the cosmic velocity and tidal fields with galaxy groups selected from the Sloan Digital Sky Survey}",
  journal = {\mnras},
archivePrefix = "arXiv",
   eprint = {1108.1008},
 primaryClass = "astro-ph.CO",
 keywords = {methods: statistical, galaxies: haloes, dark matter, large-scale structure of Universe},
     year = 2012,
    month = feb,
   volume = 420,
    pages = {1809-1824},
      doi = {10.1111/j.1365-2966.2011.20174.x},
   adsurl = {http://adsabs.harvard.edu/abs/2012MNRAS.420.1809W},
  adsnote = {Provided by the SAO/NASA Astrophysics Data System},
     note = {Inferring large scale structure velocity fields. Useful techniques within?
             This paper was suggested by Ravi Sheth.}
}

@ARTICLE{ZhaoEtal2015,
   author = {{Zhao}, C. and {Kitaura}, F.-S. and {Chuang}, C.-H. and {Prada}, F. and
	{Yepes}, G. and {Tao}, C.},
    title = "{Halo mass distribution reconstruction across the cosmic web}",
  journal = {ArXiv e-prints},
archivePrefix = "arXiv",
   eprint = {1501.05520},
 keywords = {Astrophysics - Cosmology and Nongalactic Astrophysics},
     year = 2015,
    month = jan,
   adsurl = {http://adsabs.harvard.edu/abs/2015arXiv150105520Z},
  adsnote = {Provided by the SAO/NASA Astrophysics Data System},
     note = {Cites Wang et al. Motivation seems to be in making more accurate
             mock catalogs - which means their model may be useful to us too.}
}

@ARTICLE{JascheEtal2015,
   author = {{Jasche}, J. and {Leclercq}, F. and {Wandelt}, B.~D.},
    title = "{Past and present cosmic structure in the SDSS DR7 main sample}",
  journal = {\jcap},
archivePrefix = "arXiv",
   eprint = {1409.6308},
     year = 2015,
    month = jan,
   volume = 1,
      eid = {036},
    pages = {36},
      doi = {10.1088/1475-7516/2015/01/036},
   adsurl = {http://adsabs.harvard.edu/abs/2015JCAP...01..036J},
  adsnote = {Provided by the SAO/NASA Astrophysics Data System},
     note = {Update to 2013 BORG paper, pushing to higher resolution. Still modeling
             density field with voxels. Hints of constraining with more data - velocities
             rather than weak lensing though.}
}

@ARTICLE{Jasche+Wandelt2013,
   author = {{Jasche}, J. and {Wandelt}, B.~D.},
    title = "{Bayesian physical reconstruction of initial conditions from large-scale structure surveys}",
  journal = {\mnras},
archivePrefix = "arXiv",
   eprint = {1203.3639},
 primaryClass = "astro-ph.CO",
 keywords = {methods: numerical, methods: statistical, large-scale structure of Universe},
     year = 2013,
    month = jun,
   volume = 432,
    pages = {894-913},
      doi = {10.1093/mnras/stt449},
   adsurl = {http://adsabs.harvard.edu/abs/2013MNRAS.432..894J},
  adsnote = {Provided by the SAO/NASA Astrophysics Data System},
     note = {BORG paper: Bayesian analysis of large scale structure density field given
             galaxy density. Poisson likelihood for counts in cells, model is density in
             voxels. Made possible by HMC sampling. Resolution ~ 6Mpc or so.}
}

@ARTICLE{KarpenkaEtal2013,
   author = {{Karpenka}, N.~V. and {March}, M.~C. and {Feroz}, F. and {Hobson}, M.~P.
	},
    title = "{Bayesian constraints on dark matter halo properties using gravitationally lensed supernovae}",
  journal = {\mnras},
archivePrefix = "arXiv",
   eprint = {1207.3708},
 keywords = {gravitational lensing: weak, methods: data analysis, methods: statistical, supernovae: general, galaxies: haloes},
     year = 2013,
    month = aug,
   volume = 433,
    pages = {2693-2705},
      doi = {10.1093/mnras/sts700},
   adsurl = {http://adsabs.harvard.edu/abs/2013MNRAS.433.2693K},
  adsnote = {Provided by the SAO/NASA Astrophysics Data System},
     note = {Weak lensing of SN, modeled hierarchically with halos.
            Halos are SIS, with velocity dispersion scaled with galaxy
            luminosity according to Faber-Jackson relation. Relation
            parameters are fitted, but zero scatter is assumed - so
            model only has 4 parameters, not 4+many. The hierarachical
            part refers to the SN analysis, not the halo modeling.
            They carry out evidence testing of models with and without
            lensing, finding that the evidence for lensing is driven
            by the few most strongly lensed systems. In real (SNLS)
            data they see only very marginal lensing signal in this
            way. NFW models are discussed, shear data is not. Paper is
            a response to claims by Jonsson et al and others that the
            SNIa sample contains weak lensing signal.}
}

@ARTICLE{SmithEtal2014,
   author = {{Smith}, M. and {Bacon}, D.~J. and {Nichol}, R.~C. and {Campbell}, H. and
	{Clarkson}, C. and {Maartens}, R. and {D'Andrea}, C.~B. and
	{Bassett}, B.~A. and {Cinabro}, D. and {Finley}, D.~A. and {Frieman}, J.~A. and
	{Galbany}, L. and {Garnavich}, P.~M. and {Olmstead}, M.~D. and
	{Schneider}, D.~P. and {Shapiro}, C. and {Sollerman}, J.},
    title = "{The Effect of Weak Lensing on Distance Estimates from Supernovae}",
  journal = {\apj},
archivePrefix = "arXiv",
   eprint = {1307.2566},
 primaryClass = "astro-ph.CO",
 keywords = {cosmology: observations, distance scale, supernovae: general, surveys },
     year = 2014,
    month = jan,
   volume = 780,
      eid = {24},
    pages = {24},
      doi = {10.1088/0004-637X/780/1/24},
   adsurl = {http://adsabs.harvard.edu/abs/2014ApJ...780...24S},
  adsnote = {Provided by the SAO/NASA Astrophysics Data System},
     note = {Marginal detection of weak lensing in SDSS II and BOSS
             SNe sample, via Hubble residual analysis. New parameter
             gamma controls linear dependence of Hubble residuals on
             kappa_gal, the convergence estimated from the number
             counts of galaxies in bins.}
}

@ARTICLE{Schneider2014,
   author = {{Schneider}, P.},
    title = "{Generalized multi-plane gravitational lensing: time delays, recursive lens equation, and the mass-sheet transformation}",
  journal = {ArXiv e-prints},
archivePrefix = "arXiv",
   eprint = {1409.0015},
 keywords = {Astrophysics - Cosmology and Nongalactic Astrophysics, Astrophysics - Astrophysics of Galaxies},
     year = 2014,
    month = aug,
   adsurl = {http://adsabs.harvard.edu/abs/2014arXiv1409.0015S},
  adsnote = {Provided by the SAO/NASA Astrophysics Data System},
     note = {Intense theoretical paper laying out teh formalism for
             general multi-plane lens time delays. A generalized
             mass sheet transformation exists, but seems like it may
             not be important in practice, due to its "curious"
             nature. Peter writes: "This curious behavior of the MST 
             in multi-plane lensing may indeed offer a way to break
             the corresponding degeneracy, at least in a statistical
             way. As we discussed before, in the case of vanishing
             perturbations between the main lens planes, the MST
             corresponds to mass sheets of alternating sign from plane
             to plane. Since such a mass sheet changes the slope of
             the to-tal mass distribution, it means that this slope
             change also alternates. If one now makes the perhaps
             plausible assumption that the shape of the mean mass
             profiles of lenses is the same, this alternating slope
             change would violate the universality of the mean mass
             profile. Thus, in multi-plane lensing, the mass-sheet
             generacy may be more easily lifted than in the case of a
             single lens plane only."}
}
