@ARTICLE{schneider,
   author = {{Schneider}, P.},
    title = "{Weak Gravitational Lensing}",
  journal = {ArXiv Astrophysics e-prints},
   eprint = {astro-ph/0509252},
 keywords = {Astrophysics},
     year = 2005,
    month = sep,
   adsurl = {http://adsabs.harvard.edu/abs/2005astro.ph..9252S},
  adsnote = {Provided by the SAO/NASA Astrophysics Data System}
}

@ARTICLE{marshall_thesis,
   author = {{Marshall}, P.J.},
    title = "{Bayesian Analysis of Clusters of Galaxies}",
  journal = {PhD thesis},
   eprint = {astro-ph/0509252},
 keywords = {Astrophysics},
     year = 2003,
    month = sep,
}


@ARTICLE{collett_marshall,
   author = {{Collett}, T.~E. and {Marshall}, P.~J. and {Auger}, M.~W. and 
	{Hilbert}, S. and {Suyu}, S.~H. and {Greene}, Z. and {Treu}, T. and 
	{Fassnacht}, C.~D. and {Koopmans}, L.~V.~E. and {Brada{\v c}}, M. and 
	{Blandford}, R.~D.},
    title = "{Reconstructing the lensing mass in the Universe from photometric catalogue data}",
  journal = {\mnras},
archivePrefix = "arXiv",
   eprint = {1303.6564},
 keywords = {gravitational lensing: weak, methods: statistical, galaxies: haloes, galaxies: luminosity function, mass function, cosmology: observations},
     year = 2013,
    month = jun,
   volume = 432,
    pages = {679-692},
      doi = {10.1093/mnras/stt504},
   adsurl = {http://adsabs.harvard.edu/abs/2013MNRAS.432..679C},
  adsnote = {Provided by the SAO/NASA Astrophysics Data System}
}

@ARTICLE{planck_2015,
   author = {{Planck Collaboration} and {Adam}, R. and {Ade}, P.~A.~R. and 
	{Aghanim}, N. and {Akrami}, Y. and {Alves}, M.~I.~R. and {Arnaud}, M. and 
	{Arroja}, F. and {Aumont}, J. and {Baccigalupi}, C. and et al.},
    title = "{Planck 2015 results. I. Overview of products and scientific results}",
  journal = {ArXiv e-prints},
archivePrefix = "arXiv",
   eprint = {1502.01582},
 keywords = {Astrophysics - Cosmology and Nongalactic Astrophysics},
     year = 2015,
    month = feb,
   adsurl = {http://adsabs.harvard.edu/abs/2015arXiv150201582P},
  adsnote = {Provided by the SAO/NASA Astrophysics Data System}
}

@book{modern_cosmology,
  title={Modern Cosmology},
  author={Dodelson, S.},
  isbn={9780122191411},
  lccn={2002117793},
  series={Academic Press},
  url={https://books.google.com/books?id=3oPRxdXJexcC},
  year={2003},
  publisher={Academic Press}
}

@ARTICLE{ray_tracing,
   author = {{Hilbert}, S. and {Hartlap}, J. and {White}, S.~D.~M. and {Schneider}, P.
	},
    title = "{Ray-tracing through the Millennium Simulation: Born corrections and lens-lens coupling in cosmic shear and galaxy-galaxy lensing}",
  journal = {\aap},
archivePrefix = "arXiv",
   eprint = {0809.5035},
 keywords = {gravitational lensing, dark matter, large-scale structure of Universe, cosmology: theory, methods: numerical},
     year = 2009,
    month = may,
   volume = 499,
    pages = {31-43},
      doi = {10.1051/0004-6361/200811054},
   adsurl = {http://adsabs.harvard.edu/abs/2009A%26A...499...31H},
  adsnote = {Provided by the SAO/NASA Astrophysics Data System}
}

@ARTICLE{lensing_calc,
   author = {{Oaxaca Wright}, C. and {Brainerd}, T.~G.},
    title = "{Gravitational Lensing by NFW Halos}",
  journal = {ArXiv Astrophysics e-prints},
   eprint = {astro-ph/9908213},
 keywords = {Astrophysics},
     year = 1999,
    month = aug,
   adsurl = {http://adsabs.harvard.edu/abs/1999astro.ph..8213O},
  adsnote = {Provided by the SAO/NASA Astrophysics Data System}
}

@ARTICLE{nfw,
   author = {{Coe}, D.},
    title = "{Dark Matter Halo Mass Profiles}",
  journal = {ArXiv e-prints},
archivePrefix = "arXiv",
   eprint = {1005.0411},
 primaryClass = "astro-ph.CO",
 keywords = {Astrophysics - Cosmology and Extragalactic Astrophysics},
     year = 2010,
    month = may,
   adsurl = {http://adsabs.harvard.edu/abs/2010arXiv1005.0411C},
  adsnote = {Provided by the SAO/NASA Astrophysics Data System}
}


@ARTICLE{nfw_bmo,
   author = {{Beraldo e Silva}, L.~J. and {Lima}, M. and {Sodr{\'e}}, L.},
    title = "{Testing phenomenological and theoretical models of dark matter density profiles with galaxy clusters}",
  journal = {\mnras},
archivePrefix = "arXiv",
   eprint = {1301.1684},
 primaryClass = "astro-ph.CO",
 keywords = {galaxies: clusters: general, galaxies: haloes, dark matter},
     year = 2013,
    month = dec,
   volume = 436,
    pages = {2616-2624},
      doi = {10.1093/mnras/stt1761},
   adsurl = {http://adsabs.harvard.edu/abs/2013MNRAS.436.2616B},
  adsnote = {Provided by the SAO/NASA Astrophysics Data System}
}

@ARTICLE{rotation_curve,
   author = {{Rubin}, V.~C. and {Ford}, W.~K.~J. and {.~Thonnard}, N.},
    title = "{Rotational properties of 21 SC galaxies with a large range of luminosities and radii, from NGC 4605 /R = 4kpc/ to UGC 2885 /R = 122 kpc/}",
  journal = {\apj},
 keywords = {Astronomical Spectroscopy, Galactic Evolution, Galactic Rotation, Galaxies, Stellar Luminosity, Dynamic Characteristics, Galactic Nuclei, Morphology, Radial Velocity, Radii},
     year = 1980,
    month = jun,
   volume = 238,
    pages = {471-487},
      doi = {10.1086/158003},
   adsurl = {http://adsabs.harvard.edu/abs/1980ApJ...238..471R},
  adsnote = {Provided by the SAO/NASA Astrophysics Data System}
}

@ARTICLE{bao_detection,
   author = {{Eisenstein}, D.~J. and {Zehavi}, I. and {Hogg}, D.~W. and {Scoccimarro}, R. and 
	{Blanton}, M.~R. and {Nichol}, R.~C. and {Scranton}, R. and 
	{Seo}, H.-J. and {Tegmark}, M. and {Zheng}, Z. and {Anderson}, S.~F. and 
	{Annis}, J. and {Bahcall}, N. and {Brinkmann}, J. and {Burles}, S. and 
	{Castander}, F.~J. and {Connolly}, A. and {Csabai}, I. and {Doi}, M. and 
	{Fukugita}, M. and {Frieman}, J.~A. and {Glazebrook}, K. and 
	{Gunn}, J.~E. and {Hendry}, J.~S. and {Hennessy}, G. and {Ivezi{\'c}}, Z. and 
	{Kent}, S. and {Knapp}, G.~R. and {Lin}, H. and {Loh}, Y.-S. and 
	{Lupton}, R.~H. and {Margon}, B. and {McKay}, T.~A. and {Meiksin}, A. and 
	{Munn}, J.~A. and {Pope}, A. and {Richmond}, M.~W. and {Schlegel}, D. and 
	{Schneider}, D.~P. and {Shimasaku}, K. and {Stoughton}, C. and 
	{Strauss}, M.~A. and {SubbaRao}, M. and {Szalay}, A.~S. and 
	{Szapudi}, I. and {Tucker}, D.~L. and {Yanny}, B. and {York}, D.~G.
	},
    title = "{Detection of the Baryon Acoustic Peak in the Large-Scale Correlation Function of SDSS Luminous Red Galaxies}",
  journal = {\apj},
   eprint = {astro-ph/0501171},
 keywords = {Cosmology: Cosmic Microwave Background, Cosmology: Cosmological Parameters, Cosmology: Observations, Cosmology: Distance Scale, Galaxies: Elliptical and Lenticular, cD, Cosmology: Large-Scale Structure of Universe},
     year = 2005,
    month = nov,
   volume = 633,
    pages = {560-574},
      doi = {10.1086/466512},
   adsurl = {http://adsabs.harvard.edu/abs/2005ApJ...633..560E},
  adsnote = {Provided by the SAO/NASA Astrophysics Data System}
}

@ARTICLE{multiplicative_bias,
   author = {{Cypriano}, E.~S. and {Amara}, A. and {Voigt}, L.~M. and {Bridle}, S.~L. and 
	{Abdalla}, F.~B. and {R{\'e}fr{\'e}gier}, A. and {Seiffert}, M. and 
	{Rhodes}, J.},
    title = "{Cosmic shear requirements on the wavelength dependence of telescope point spread functions}",
  journal = {\mnras},
archivePrefix = "arXiv",
   eprint = {1001.0759},
 keywords = {gravitational lensing, cosmology: observations, large-scale structure of Universe},
     year = 2010,
    month = jun,
   volume = 405,
    pages = {494-502},
      doi = {10.1111/j.1365-2966.2010.16461.x},
   adsurl = {http://adsabs.harvard.edu/abs/2010MNRAS.405..494C},
  adsnote = {Provided by the SAO/NASA Astrophysics Data System}
}


@ARTICLE{smhr,
   author = {{Kravtsov}, A. and {Vikhlinin}, A. and {Meshscheryakov}, A.},
    title = "{Stellar mass -- halo mass relation and star formation efficiency in high-mass halos}",
  journal = {ArXiv e-prints},
archivePrefix = "arXiv",
   eprint = {1401.7329},
 primaryClass = "astro-ph.CO",
 keywords = {Astrophysics - Cosmology and Extragalactic Astrophysics},
     year = 2014,
    month = jan,
   adsurl = {http://adsabs.harvard.edu/abs/2014arXiv1401.7329K},
  adsnote = {Provided by the SAO/NASA Astrophysics Data System}
}


@ARTICLE{millennium_simulation,
   author = {{Springel}, V. and {White}, S.~D.~M. and {Jenkins}, A. and {Frenk}, C.~S. and 
	{Yoshida}, N. and {Gao}, L. and {Navarro}, J. and {Thacker}, R. and 
	{Croton}, D. and {Helly}, J. and {Peacock}, J.~A. and {Cole}, S. and 
	{Thomas}, P. and {Couchman}, H. and {Evrard}, A. and {Colberg}, J. and 
	{Pearce}, F.},
    title = "{Simulations of the formation, evolution and clustering of galaxies and quasars}",
  journal = {\nat},
   eprint = {astro-ph/0504097},
     year = 2005,
    month = jun,
   volume = 435,
    pages = {629-636},
      doi = {10.1038/nature03597},
   adsurl = {http://adsabs.harvard.edu/abs/2005Natur.435..629S},
  adsnote = {Provided by the SAO/NASA Astrophysics Data System}
}

@ARTICLE{zwicky,
   author = {{Zwicky}, F.},
    title = "{On the Masses of Nebulae and of Clusters of Nebulae}",
  journal = {\apj},
     year = 1937,
    month = oct,
   volume = 86,
    pages = {217},
      doi = {10.1086/143864},
   adsurl = {http://adsabs.harvard.edu/abs/1937ApJ....86..217Z},
  adsnote = {Provided by the SAO/NASA Astrophysics Data System}
}

@ARTICLE{einstein_ring,
   author = {{Belokurov}, V. and {Evans}, N.~W. and {Moiseev}, A. and {King}, L.~J. and 
	{Hewett}, P.~C. and {Pettini}, M. and {Wyrzykowski}, L. and 
	{McMahon}, R.~G. and {Smith}, M.~C. and {Gilmore}, G. and {Sanchez}, S.~F. and 
	{Udalski}, A. and {Koposov}, S. and {Zucker}, D.~B. and {Walcher}, C.~J.
	},
    title = "{The Cosmic Horseshoe: Discovery of an Einstein Ring around a Giant Luminous Red Galaxy}",
  journal = {\apjl},
archivePrefix = "arXiv",
   eprint = {0706.2326},
 keywords = {Galaxies: Evolution, Galaxies: Structure, Cosmology: Gravitational Lensing},
     year = 2007,
    month = dec,
   volume = 671,
    pages = {L9-L12},
      doi = {10.1086/524948},
   adsurl = {http://adsabs.harvard.edu/abs/2007ApJ...671L...9B},
  adsnote = {Provided by the SAO/NASA Astrophysics Data System}
}


@ARTICLE{correlation_functions,
   author = {{Miralda-Escude}, J.},
    title = "{The correlation function of galaxy ellipticities produced by gravitational lensing}",
  journal = {\apj},
 keywords = {Dark Matter, Elliptical Galaxies, Galactic Clusters, Gravitational Lenses, Space Density, Galactic Mass, Quasars, Statistical Correlation, Universe},
     year = 1991,
    month = oct,
   volume = 380,
    pages = {1-8},
      doi = {10.1086/170555},
   adsurl = {http://adsabs.harvard.edu/abs/1991ApJ...380....1M},
  adsnote = {Provided by the SAO/NASA Astrophysics Data System}
}

